2858 4800
635 131 740 208 ...ll
767 203 786 208 -.

100 325 156 390 alii
178 328 266 391 aliud
288 329 441 411 videatur,
465 333 520 395 311
544 333 704 415 lltgenum
730 336 852 399 iustum
874 335 1052 398 coniciendi
1075 334 1202 397 modum
1226 335 1326 399 nimis

99 439 285 516 excessisse,
314 442 368 521 qui
397 442 464 506 eius
492 444 638 508 libellum
667 448 853 527 perlegerit,
884 447 977 509 facile
1006 444 1165 508 concedet.
1215 427 1325 526 Atque

98 549 236 626 illorum,
260 570 338 631 quos
360 552 505 634 lltgenus
529 555 675 632 contulit,
698 559 837 621 locorum
861 558 1106 621 similitudinem
1128 556 1208 618 mihi
1230 575 1325 636 saepe

99 661 221 723 nullam
245 662 352 739 videri,
376 684 436 727 non
465 664 510 729 ita
530 644 647 747 premo,
671 670 818 750 quoniam
842 670 875 731 in
898 670 956 732 tali
979 688 1021 743 re,
1046 668 1108 730 1131
1130 666 1325 730 coniecturis

99 773 188 834 locus
204 773 305 849 datur,
329 776 394 838 fere
409 778 492 840 nihil
507 778 591 842 cffiei
604 784 718 861 potest,
743 781 797 843 311
812 780 844 842 11
860 781 1063 843 vehementer
1078 777 1327 858 vituperandum

100 886 165 959 est,
195 885 277 964 quod
308 886 420 950 doctus
450 889 504 952 ille
527 891 574 953 vir
603 893 680 954 locis
704 892 811 955 allatis
840 867 904 954 tam
934 890 1183 970 intemperanter
1205 888 1326 951 ahnsus

100 999 157 1058 est.
202 996 340 1061 Tantum
364 1001 450 1063 enim
473 1002 562 1064 abest
584 1006 621 1066 11
642 1004 708 1066 11113
740 1002 985 1083 diligentissime
1009 999 1249 1080 circumspectis
1272 998 1325 1060 11-

100 1107 206 1169 venire
230 1109 365 1186 studeat,
389 1113 587 1191 1111111111
606 1117 638 1177 et
654 1117 810 1195 quatenus
826 1113 979 1176 Horatius
995 1112 1156 1174 Lucilium
1178 1110 1325 1172 imitatus

99 1216 156 1292 sit,
186 1222 222 1282 ut
248 1221 392 1301 reliquiis
422 1223 597 1287 Lucilianis
628 1226 770 1306 quamvis
798 1225 910 1288 laceris
939 1224 1154 1286 demonstrare
1182 1223 1326 1296 conetur,

100 1330 183 1408 qued
206 1331 266 1393 sibi
289 1331 353 1395 iam
376 1338 469 1397 antea
491 1341 700 1417 persuaserat,
723 1337 890 1399 Horatium
914 1353 975 1397 nen
993 1335 1096 1396 solum
1112 1333 1149 1394 dc
1165 1331 1326 1394 industria

99 1439 243 1520 singulas
266 1446 442 1509 sententias
465 1448 683 1529 dictionesque
708 1447 761 1510 sed
784 1426 867 1510 totas
885 1446 1002 1509 Lucilii
1026 1445 1139 1506 satiras
1161 1443 1325 1505 imitatum

100 1569 179 1615 csse.
223 1553 273 1616 Ad
296 1575 388 1636 quam
414 1560 607 1621 sententiam
628 1560 783 1622 adductus
806 1577 874 1620 esse
890 1557 970 1619 mihi
992 1544 1127 1629 ridetur,
1151 1554 1233 1634 qued
1256 1571 1325 1615 mc-
1402 1536 1406 1543 ¹

99 1663 237 1727 minorat
266 1668 453 1732 scholiastas
483 1689 610 1733 narrare
639 1671 808 1732 Horatium
836 1670 870 1732 in
900 1668 1014 1731 itincre
1043 1665 1236 1728 Brundisino
1268 1664 1324 1726 de-

101 1775 265 1839 scribendo
289 1778 448 1843 Lucilium
471 1781 600 1844 imitari.
645 1781 735 1859 Quod
757 1800 830 1844 cum
859 1781 897 1843 de
919 1777 1079 1842 industria
1107 1779 1202 1856 atque
1224 1793 1324 1855 paene

101 1886 140 1947 ad
168 1888 297 1951 verbum
327 1890 447 1954 factum
481 1911 549 1956 esse
579 1913 615 1955 ex
648 1892 836 1973 fragmentis
870 1891 1029 1953 invenisse
1064 1888 1125 1950 sibi
1154 1886 1325 1955 videretur,

101 1997 239 2061 similem
261 2000 473 2066 imitationem
502 2005 535 2067 in
563 2005 677 2067 ceteris
706 2021 829 2084 quoque
859 2001 984 2065 Horatii
1014 1999 1121 2062 satiris
1144 1996 1325 2077 suspicatus

101 2111 190 2172 nullo
213 2113 340 2191 negotio
364 2116 444 2178 tales
466 2116 551 2178 locos
573 2115 707 2191 invenit,
732 2115 786 2195 qui
809 2117 873 2176 tres
897 2112 1011 2174 satiras
1034 2109 1202 2173 Horatium
1226 2106 1324 2170 111-

102 2221 174 2283 11111
198 2225 386 2304 sumpsisse,
415 2227 486 2290 luce
517 2227 633 2289 clarius
657 2227 686 2288 11
709 2225 976 2288 demonstrabant.
1022 2222 1132 2305 Talem
1156 2237 1228 2281 vero
1250 2217 1324 2279 imi-

102 2333 254 2396 tationem
288 2336 370 2415 quod
400 2337 526 2400 Horatii
559 2338 747 2400 scholiastae
781 2355 820 2398 nc
849 2335 941 2397 verbe
971 2333 1099 2415 quidem
1132 2329 1326 2409 significant,
1366 2312 1369 2316 ⁵

102 2445 157 2524 qui
179 2447 285 2507 tamen
310 2447 492 2527 saepissinrc
515 2449 643 2528 singula
665 2467 788 2528 quoque
812 2447 964 2509 vocabula
983 2463 1001 2506 1
1017 2444 1139 2506 Lucilio
1163 2441 1327 2519 assumpta
1396 2526 1401 2536 ,

102 2556 192 2617 rmhis
216 2555 374 2634 indicant,
399 2559 493 2622 nihili
516 2560 608 2634 facit,
637 2578 709 2621 cum
733 2576 808 2621 suae
831 2558 933 2638 ipsius
957 2553 1133 2618 3111111111
1156 2554 1228 2632 1113
1251 2549 1325 2612 fidei

103 2667 224 2730 tribuat
247 2687 341 2748 quam
364 2670 423 2732 toti
447 2671 648 2752 antiquitatis
672 2670 850 2732 1111111111.
896 2667 1000 2746 Quare
1030 2665 1113 2747 quod
1144 2681 1235 2725 nemo
1257 2661 1324 2724 Ho-
1390 2674 1394 2681 '

103 2779 176 2841 ratii
200 2781 448 2844 obtrectatorum
471 2783 652 2863 aequalium
674 2782 776 2844 facere
800 2799 896 2843 ausus
920 2781 982 2853 est,
1010 2776 1179 2839 Horatium
1202 2770 1327 2836 servilis

104 2890 292 2953 imitationis
315 2892 526 2968 insimulavit,
556 2912 628 2957 cum
651 2893 772 2955 diceret
799 2894 840 2971 (1.
867 2891 918 2967 llil
942 2890 1034 2951 illum
1062 2889 1164 2949 certos
1192 2884 1271 2946 lines
1296 2884 1329 2961 ct

104 3001 231 3064 modum
259 3003 292 3065 in
322 3004 476 3067 imitando
505 3023 668 3084 egressum
699 3022 777 3066 esse.
830 3001 934 3078 Quod,
969 3017 1063 3081 quam
1093 2995 1255 3067 futilibus,
1287 2980 1327 3055 11

105 3113 206 3174 dicam
228 3114 382 3191 ridiculis,
406 3116 603 3196 argumentis
626 3115 756 3190 nitatur,
780 3113 882 3194 prinro
905 3113 1019 3174 ohtutu
1042 3109 1175 3189 quisque
1199 3103 1328 3178 videbit,

105 3224 159 3288 sed
176 3228 212 3288 ut
227 3227 327 3304 magis
344 3230 494 3307 appareat
509 3231 577 3290 tota
593 3227 681 3290 illius
704 3223 888 3306 disputandi
911 3222 1001 3295 ratio,
1025 3238 1125 3282 unum
1150 3215 1329 3296 enernplum

106 3335 243 3400 afferam.
289 3336 370 3400 Cum
399 3339 482 3418 apud
508 3339 758 3418 Porphyrionem
784 3335 837 3417 (ad
858 3335 934 3397 Hor.
967 3352 990 3395 s.
1020 3331 1035 3393 l
1064 3333 1099 3405 a,
1129 3330 1182 3409 78)
1212 3325 1330 3389 Lucilii

106 3450 321 3529 fragmentum
345 3449 484 3524 vidisset,
508 3449 686 3530 quodcum
709 3448 785 3510 Luc.
809 3447 963 3508 Muellero
986 3443 1032 3506 sic
1054 3441 1148 3521 legit:

193 3575 251 3646 „Ut
275 3551 378 3653 φύγε
404 3574 553 3645 discrepat
574 3589 607 3630 ae
635 3549 711 3629 frit)
738 3543 992 3645 d'dssp‘przorgar‘
1018 3541 1242 3626 'Aao'llcoffl

108 3675 264 3754 extemplo
293 3673 408 3737 statuit
430 3671 591 3735 sententia
620 3671 715 3734 huius
743 3670 805 3733 loci
827 3668 974 3747 neglecta
996 3663 1120 3727 Horatii
1150 3659 1243 3722 rerba
1265 3658 1331 3734 „sie

108 3785 533 3865 1113111111111111111111
559 3784 618 3845 hoc
641 3782 758 3844 Lucilii
787 3780 966 3859 fragmento
998 3791 1144 3856 expressa
1172 3789 1240 3834 esse
1267 3787 1331 3830 non

109 3914 145 3959 ex
168 3897 314 3972 Homer0,
337 3896 370 3959 id
393 3895 561 3978 quodiam
585 3896 675 3957 vetus
699 3891 871 3955 scholiasta
893 3889 1115 3952 affirmaverat.
1154 3882 1241 3958 Quod
1259 3897 1330 3943 curn

109 4008 170 4072 sibi
192 4008 416 4088 persuasisset,
447 4024 518 4082 mon
545 4005 750 4086 inpromptu
779 4001 906 4077 habuit,
937 3999 1052 4081 quihus
1076 4015 1108 4059 se
1140 4013 1197 4058 nos
1221 3993 1332 4054 docere

109 4140 199 4203 11331
223 4122 379 4200 speraret,
409 4117 569 4181 Lucilium
599 4133 722 4197 quoque
744 4131 904 4188 narrasse,
935 4128 1029 4191 quam
1057 4125 1149 4188 aegre
1173 4102 1332 4186 quondam

110 4233 240 4296 tulisset
268 4231 393 4296 molesti
421 4227 586 4294 cuiusdam
614 4228 646 4289 et
675 4223 852 4305 arrogantis
880 4220 1018 4285 hominis
1041 4215 1274 4300 impudentiam
1301 4216 1333 4274 et

107 4345 319 4426 pertinaciam
348 4343 461 4416 talem,
490 4338 616 4425 qualem
638 4337 792 4400 Horatius
815 4353 839 4399 s.
862 4333 878 4396 I
900 4335 920 4400 9
942 4334 1009 4396 tam
1031 4330 1133 4414 lepide
1156 4323 1333 4406 descripsit,
