2858 4800
600 144 610 163 ⁰
663 203 667 207 .
695 133 782 208 Q...

94 338 178 420 quod
200 355 237 401 ex
267 337 363 400 llnnii
387 337 526 417 Thyeste
554 338 716 416 sumptum
741 333 850 398 Cicero
874 336 1013 397 testatur
1035 332 1178 412 (Tuscul.
1203 332 1323 412 disput.

94 431 109 510 1
132 449 186 529 44)
207 448 292 511 ridet
315 448 400 510 llnni
423 464 533 510 versus
555 446 711 526 gravitate
735 446 914 525 minores.¹)
975 508 977 513 ,

202 559 246 622 Ut
269 561 376 621 autem
397 557 550 620 Horatius
574 558 606 621 in
628 557 715 619 vitiis
738 555 993 638 perstringendis
1016 573 1246 635 nonnunquam
1269 572 1321 617 ea-

94 669 167 732 dem
189 669 312 733 Lucilio
334 668 486 731 vitiorum
509 668 651 748 exempla
672 668 849 747 usurpavit,
873 667 918 730 sic
941 684 1091 746 personas
1115 684 1239 746 quoque
1256 665 1321 729 Lu*

93 780 227 843 cilianas
250 780 283 842 in
307 780 422 841 satiras
446 797 519 841 suas
543 779 721 841 transtulit.
784 846 785 852 1

196 891 242 952 1111
257 889 373 971 quibus
396 889 519 969 primus
534 888 747 952 nominandus
767 890 817 951 est
833 887 1009 963 Gallonius,
1033 888 1070 950 de
1087 885 1179 967 cnjus
1195 887 1322 950 luxuria

94 1001 208 1066 infami
230 1001 294 1064 iam
316 999 572 1080 supradiximus
596 999 671 1062 Luc.
697 1000 779 1062 1002
806 1002 1024 1081 comparantes
1048 1017 1120 1061 oum
1143 999 1217 1062 Hor.
1242 1018 1265 1061 s.
1291 997 1322 1060 ΙΙ

94 1114 125 1189 2,
148 1112 198 1175 47.
242 1111 410 1174 Accedunt
437 1111 584 1173 Maenius
615 1113 647 1173 et
669 1110 907 1185 Nomentanus,
937 1128 1015 1191 quos
1044 1127 1194 1189 personas
1223 1109 1320 1172 Luci·

92 1222 197 1285 lianas
223 1221 323 1284 luisse
346 1224 472 1302 praeter
500 1221 744 1308 scholiastarum
766 1221 951 1284 testimonia
978 1221 1056 1282 haec
1085 1238 1209 1301 quoque
1233 1220 1320 1299 frag-

94 1335 204 1396 menta
225 1333 340 1396 docent

94 1445 170 1506 Luc.
196 1444 278 1505 1170

839 1558 1022 1629 „columnam

341 1669 471 1726 1111111ι
495 1685 559 1725 cum
583 1669 714 1740 peteret“

95 1775 291 1839 1111111119
667 1850 671 1857 ¹

290 1891 358 1963 „qui
382 1896 421 1963 te,
443 1890 633 1962 Nomentano,
657 1891 761 1947 malum
784 1890 841 1947 iam
866 1887 989 1964 [cetera]
1013 1888 1137 1960 perdat‘

92 1995 253 2059 emissor.
270 1998 320 2072 57,
343 2016 380 2059 ex
403 2016 464 2077 quo
488 1996 629 2076 Scaliger
651 1995 836 2075 conjectura
851 1995 1045 2059 Nomentani
1067 2014 1182 2059 nomen
1206 1996 1320 2060 elicere

93 2109 226 2169 conatus
249 2109 306 2184 est,
329 2126 402 2170 curn
425 2107 549 2171 codices
572 2109 650 2170 haec
672 2108 860 2187 praebeant:

251 2242 254 2251 ·
291 2238 386 2294 „nunc
408 2238 512 2279 nomen
532 2224 650 2294 jamque
673 2239 710 2278 ex
732 2222 853 2279 testibus
876 2221 939 2293 ipse
962 2221 1093 2292 rogando

290 2333 425 2404 exculpe,
449 2333 521 2390 haec
543 2333 665 2389 dicam.“

197 2437 290 2519 Apud
313 2439 480 2503 Horatium
504 2440 649 2503 Maenius
673 2441 823 2520 carpitur,
847 2441 991 2520 quirem
1015 2459 1104 2501 suam
1128 2440 1318 2502 familiarem
1349 2419 1352 2425 ⁴

93 2549 240 2611 celeriter
263 2550 483 2630 absumpserat
505 2552 610 2631 (epist.
634 2551 658 2626 L
684 2553 737 2626 15,
761 2553 829 2632 26),
858 2552 1059 2630 componitur
1082 2568 1155 2612 oum
1179 2550 1318 2613 Nomen-

94 2663 169 2722 tano
199 2664 313 2740 nepote
338 2669 376 2741 (s.
401 2660 415 2722 l
441 2663 474 2736 1,
505 2662 593 2729 1011
625 2662 773 2741 carpebat
803 2662 857 2723 ille
880 2660 1019 2723 Novium
1048 2661 1226 2737 absentem,
1258 2661 1319 2724 sibi

94 2770 278 2850 ignoscebat
302 2777 340 2850 (s.
365 2771 431 2847 13,
456 2773 605 2844 21-23t.

195 2881 432 2958 Nomentanum
457 2885 511 2964 qui
534 2903 558 2947 s
582 2883 597 2945 I
620 2886 651 2956 1,
678 2885 734 2946 1111
760 2902 834 2946 eum
857 2883 982 2945 Maenio
1012 2885 1212 2962 comparatus
1242 2887 1319 2959 erat,

94 2992 294 3071 componitur
317 3011 341 3056 s,
365 2992 380 3054 l
404 2995 431 3069 8,
457 2995 493 3055 11
520 3000 552 3057 et
574 3014 597 3057 s.
622 2994 653 3056 ll
680 2997 706 3070 1,
731 2997 768 3057 21
794 3013 864 3057 cum
889 2993 1064 3057 Pantolabo
1087 3009 1208 3069 scurra,
1232 2995 1319 3057 solus

93 3106 287 3166 memoratur
309 3122 334 3166 s,
357 3103 389 3165 ll
411 3106 440 3180 3,
464 3107 538 3181 221,
567 3105 734 3168 Nasidieni
757 3107 888 3168 conviva
915 3108 964 3167 est
987 3124 1010 3166 s.
1034 3103 1065 3165 ΙΙ
1088 3105 1121 3177 8,
1152 3105 1200 3166 23.
1245 3105 1320 3168 Jam

93 3230 173 3307 cum·
190 3212 274 3292 apud
301 3214 470 3278 Horatium
492 3216 729 3278 Nomentanum
759 3217 849 3279 modo
877 3235 949 3278 cum
972 3216 1097 3278 Maenio
1127 3216 1217 3278 modo
1246 3235 1318 3278 cum

95 3321 269 3385 Pantolabo
291 3327 499 3406 compositum
523 3327 695 3399 videamus,
718 3327 842 3407 probari
866 3326 956 3389 nobis
977 3326 1103 3405 poterit,
1128 3327 1210 3405 quod
1227 3327 1317 3389 schc-

91 3432 206 3496 liastae
236 3440 379 3509 narrant,
414 3437 578 3500 Maenium
606 3438 864 3515 cognominatum
894 3437 993 3499 fuisse
1023 3436 1254 3511 Pantolabum,
1282 3457 1319 3500 ex

93 3560 155 3623 quo
184 3545 328 3609 conicere
363 3566 532 3627 possumus
561 3549 731 3610 Horatium
764 3549 838 3611 illas
871 3567 1021 3628 personas
1051 3549 1232 3611 Lucilianas
1262 3567 1319 3630 pro

92 3656 244 3735 exemplis
267 3657 432 3720 hominum
456 3659 582 3721 luxuria
603 3658 800 3738 perditorum
821 3678 885 3722 una
908 3677 1031 3739 semper
1058 3659 1211 3738 posuisse.
1257 3657 1319 3722 Sed

91 3782 166 3827 cum
181 3766 311 3855 nonita
333 3771 442 3848 aperta
465 3772 497 3832 et
521 3769 660 3832 dilucida
683 3770 757 3843 sint,
781 3788 861 3850 quae
885 3771 1074 3832 scholiastae
1098 3775 1238 3846 narrant,
1263 3770 1318 3851 qui

91 3893 201 3938 omnes
224 3878 481 3941 narratiunculas
504 3880 541 3942 de
564 3879 707 3960 personis
729 3881 913 3944 Horatianis
929 3881 1083 3960 vulgatas,
1106 3880 1318 3962 undecunque

91 3984 278 4067 desumptae
293 3993 406 4064 erant,
436 3991 558 4052 ratione
589 3991 700 4055 critica
722 4009 786 4054 non
809 3993 886 4054 satis
915 3995 1061 4055 accurate
1084 3991 1227 4055 adhibita
1248 4010 1316 4053 me-

91 4097 210 4161 moriae
233 4098 449 4174 tradiderunt‚
478 4101 693 4164 dubitationes
723 4105 826 4164 motae
860 4105 936 4165 sunt
964 4103 1039 4165 viris
1062 4103 1178 4177 doctis,
1204 4100 1315 4165 'utrum

92 4255 296 4262 -·-..-—-—..—-.—.

195 4337 215 4399 ¹)
234 4339 274 4388 De
292 4341 386 4388 haere
404 4339 515 4389 Gellium
535 4354 636 4405 quoque
655 4340 707 4406 (17,
727 4338 770 4402 21)
790 4325 913 4389 conferas.
946 4378 955 4390 .
