2858 4800
640 201 793 209 μ’...-

106 335 246 416 aliquem
280 338 443 398 auctorem
476 334 530 398 sed
558 334 662 398 animo
696 335 904 398 informatum
930 336 1149 418 aooipiendum
1184 341 1216 401 et
1252 339 1331 402 haee

106 447 200 509 rerba
228 446 346 521 „fuerit
367 432 508 509 limatior
530 447 628 522 idern,
657 464 750 527 quam
780 447 869 508 rudis
898 450 930 510 ot
953 446 1083 510 Graeois
1113 449 1228 512 intacti
1258 469 1328 514 oar-

105 558 202 620 minis
225 560 352 620 auotor‘
376 558 487 637 lingua
502 559 671 620 vernacula
695 559 844 620 vertenda
867 577 935 620 osso
958 577 1007 632 „er
1029 558 1064 632 lei
1080 557 1203 638 geloira·
1219 561 1267 623 oio
1282 563 1330 623 ber

105 667 243 748 &ditior
265 668 338 730 einer
353 668 438 746 roten
461 670 517 731 uui
541 681 597 733 uon
612 668 790 747 guedildpem
807 668 940 746 sinitote
960 669 1148 748 unteriiiprteu
1164 669 1328 751 5111111119Η

105 779 137 841 id
165 780 248 860 quod
276 778 488 860 Nipperdeius
511 780 629 861 optime
652 780 882 843 demonstrarit
899 781 920 861 ).
970 781 1115 844 Primum
1143 783 1229 845 enirn
1253 802 1329 846 oon-

106 890 174 952 oodi
197 909 260 953 non
282 879 387 971 potest
409 891 549 953 Ennium
572 894 734 953 auotorem
757 891 872 953 satirae
896 891 959 953 dioi
981 910 1087 972 posse,
1112 893 1187 973 quia
1207 893 1330 974 primus

105 1003 249 1080 poemata
270 1001 356 1064 vario
379 1004 566 1082 argumento
590 1002 747 1082 variisque
762 1003 912 1064 ‘nurneris
934 1003 993 1065 hoo
1015 1003 1143 1066 nomina
1170 997 1331 1085 appellata

105 1113 333 1193 composuerit,
365 1113 524 1175 imoilium
555 1113 696 1175 eiusdem
725 1113 940 1204 inventorem,
970 1114 1044 1194 quia
1072 1115 1230 1195 propriam
1253 1116 1329 1178 huie

106 1224 215 1303 generi
244 1226 347 1304 legem
377 1226 409 1287 et
437 1243 580 1287 normam
608 1225 808 1304 imposuerit,
837 1243 908 1287 nam
940 1225 995 1305 qui
1024 1227 1118 1305 paulo
1149 1227 1337 1290 aoouratius

107 1336 245 1398 auctoris
275 1338 308 1398 et
330 1335 505 1398 inventoris
529 1336 690 1398 notionem
712 1336 930 1417 perpenderit,
961 1336 1102 1399 inveniet
1123 1357 1187 1399 non
1210 1338 1256 1399 ita
1278 1337 1328 1401 di·

106 1464 232 1508 versum
255 1464 323 1509 esse
347 1449 506 1509 auotorem
523 1447 561 1509 ab
577 1447 750 1522 inventore,
774 1448 833 1522 vel,
857 1448 884 1510 si
900 1447 981 1527 quod
998 1447 1170 1511 disorimen
1185 1450 1328 1511 statuero

106 1556 190 1631 lieet,
214 1558 412 1621 inventorem
434 1559 562 1621 auotore
584 1558 722 1639 priorem
745 1577 823 1635 esse,
847 1535 1016 1638 quodiam
1031 1558 1234 1622 Hermannus
1252 1578 1328 1622 oon·

106 1669 252 1731 tenderat
280 1672 312 1732 et
334 1669 565 1731 Petermannus
593 1668 713 1731 frustra
734 1669 879 1732 refellere
903 1673 1045 1735 sonatur.
1098 1670 1202 1748 Quare
1225 1670 1328 1734 Hora-

65 1808 68 1812 ,
105 1778 186 1854 tiuS,
215 1779 269 1860 qui
297 1781 391 1860 paulo
420 1783 493 1842 ante
525 1782 562 1861 (s.
586 1780 601 1841 I
625 1782 678 1856 10,
701 1781 756 1862 48)
795 1781 953 1843 Luoilium
981 1780 1181 1844 inventorem
1211 1781 1329 1845 satirae

105 1889 241 1965 dixerat,
271 1909 357 1953 nuno
387 1892 529 1955 eiusdem
559 1893 719 1954 auotorem
751 1891 890 1954 llnnium
925 1893 1084 1972 appellare
1118 1910 1181 1955 non
1212 1893 1328 1974 potuit.

104 2000 204 2064 Immo
228 2020 266 2064 ne
290 2003 443 2083 cogitavit
464 2003 592 2083 quidem
615 2003 652 2065 de
669 2002 781 2077 Ennio,
805 2021 878 2064 oum
893 2002 931 2064 de
953 2002 1052 2065 satira
1067 2003 1194 2066 dioeret.
1239 2002 1328 2066 Nus-

105 2131 201 2192 quam
224 2113 307 2175 eninr
331 2114 366 2176 in
388 2115 447 2176 hao
470 2093 671 2177 re‘Horatius
695 2113 1022 2194 llnniinomenponit
1039 2113 1094 2175 sed
1109 2113 1160 2176 s.l
1177 2114 1206 2190 4,
1229 2115 1249 2176 6
1272 2114 1329 2179 ubi

105 2223 245 2304 exponit,
276 2244 354 2305 quos
383 2227 511 2288 seoutus
541 2225 584 2287 sit
614 2224 770 2300 Lucilius,
810 2224 959 2304 antiquae
989 2224 1167 2288 comoediae
1198 2224 1328 2288 Attioae

103 2337 212 2416 poetas
242 2338 479 2411 commemorat,
512 2336 768 2416 „hino,.-inquit,
799 2335 901 2398 omnis
924 2335 1042 2415 pendet
1064 2335 1207 2398 Luoilius
1232 2335 1329 2399 hosoe

104 2448 233 2509 seoutus
263 2447 396 2508 mutatis
427 2449 553 2509 tantum
580 2447 713 2526 pedibus
742 2446 965 2526 numerisque‘
997 2445 1136 2509 Ennium
1157 2465 1229 2508 vero
1262 2465 1328 2509 non

88 2557 256 2620 nominat.
306 2556 467 2620 Nimirum
490 2557 643 2620 Horatius
667 2558 699 2620 et
721 2575 829 2619 omnes
851 2558 923 2636 post
946 2556 1105 2619 Luoilium
1127 2557 1263 2619 Romani
1284 2557 1328 2632 id,
1354 2621 1357 2625 ,

104 2668 187 2748 quod
215 2669 346 2731 satiram
374 2670 532 2750 appellare
561 2670 765 2742 oonsuerant,
785 2650 889 2748 'plane
919 2667 1080 2730 diversum
1102 2667 1258 2748 putabant
1287 2669 1327 2731 ab

103 2778 250 2842 Enniana
278 2781 395 2842 satura.
447 2780 559 2860 Itaque
595 2798 667 2843 oum
695 2782 819 2842 saturae
852 2778 978 2841 nomine
1010 2781 1192 2854 uterentur,
1228 2795 1328 2842 unam

103 2890 300 2953 Luoilianam
317 2890 558 2970 intellegebant,
582 2890 728 2952 Enniana
752 2909 822 2952 vero
844 2889 907 2952 nisi
931 2891 1039 2970 aperto
1062 2888 1179 2952 indioio
1203 2889 1326 2954 adieoto

103 3002 230 3065 omnino
252 3001 398 3081 intellegi
413 3020 477 3063 non
498 3002 631 3081 poterat.
678 3000 781 3078 Quare
804 3000 966 3076 Horatius,
990 3020 1061 3063 oum
1085 3000 1200 3064 satirae
1223 3000 1325 3082 sorip-

102 3114 185 3175 tores
202 3114 412 3187 enumeraret,
428 3111 524 3174 Ennii
540 3113 573 3174 et
587 3111 738 3174 Varronis
754 3110 882 3173 Reatini
898 3111 1092 3174 mentionem
1107 3129 1171 3173 non
1183 3111 1269 3186 feeit,
1293 3114 1326 3174 et

103 3221 322 3300 Quintilianus
345 3223 392 3303 (X
412 3223 439 3297 1,
463 3222 516 3303 95)
539 3223 678 3303 primum
701 3221 779 3285 dioit
801 3221 839 3283 de
862 3222 975 3298 satira,
1000 3221 1074 3302 quia
1095 3222 1154 3284 hoo
1177 3223 1243 3283 solo
1266 3221 1332 3284 no-'

102 3332 186 3396 mine
210 3333 311 3413 posito
335 3333 413 3396 satis
437 3333 622 3414 apparebat,
650 3351 745 3414 quam
768 3333 901 3407 diceret,
933 3335 1049 3413 postea*
1067 3332 1120 3394 ubi
1144 3332 1181 3394 de
1204 3331 1322 3395 Varro-

101 3442 196 3506 niana
219 3446 251 3506 et
266 3444 412 3506 Enniana
434 3446 563 3506 aeturus
587 3445 644 3519 est,
668 3443 787 3506 subieit
809 3445 947 3507 alterum
968 3443 1051 3506 illud
1073 3442 1170 3505 etiam
1186 3442 1324 3523 amplius

101 3554 217 3617 satirae
240 3573 351 3634 genus
404 3554 560 3618 Similiter
581 3553 750 3617 Diomedes
782 3555 825 3635 (p.
848 3554 911 3616 482
934 3553 973 3633 Ρ)
1003 3553 1157 3616 discernit
1184 3554 1323 3629 satiram,

100 3683 180 3746 quae
203 3684 289 3729 nuno
311 3665 430 3729 dieitur
452 3667 484 3728 et
506 3683 586 3746 quae
610 3665 686 3728 olim
708 3665 887 3728 vocabatur.
934 3663 999 3727 lam
1023 3664 1118 3727 Ennii
1141 3665 1239 3727 sotira
1261 3665 1322 3740 ,in-

100 3777 222 3839 taotum
246 3775 375 3840 Graecis
398 3782 534 3840 oarmen‘
558 3776 621 3839 diei
643 3796 707 3839 non
729 3778 850 3856 potest;
882 3776 953 3856 quis
977 3775 1061 3838 enim
1085 3775 1243 3838 affirmare
1266 3793 1322 3856 po-

99 3887 175 3950 terit
211 3888 371 3950 neminem
405 3886 597 3951 Graecorum
633 3888 779 3968 poemata
814 3886 900 3949 vario
935 3888 1121 3966 argumento
1159 3889 1192 3949 et
1223 3885 1321 3948 uariis

98 3998 240 4062 numeris
271 3998 459 4079 scripsisse?
514 3997 636 4060 Deinde
666 3997 855 4060 offendimus
886 3997 919 4059 in
948 3997 1043 4059 turba
1070 3997 1128 4058 illa
1157 3999 1323 4077 poetarum
1367 4024 1372 4031 ·

98 4110 275 4184 seniorum,
305 4109 360 4189 qui
388 4109 540 4171 nimirum
568 4108 708 4172 seniores
738 4107 841 4170 Ennio
869 4108 1045 4188 aooipiendi
1072 4109 1162 4182 sunt,
1200 4107 1255 4168 sed
1285 4107 1323 4170 de

96 4281 299 4288 ——n--a

200 4384 217 4444 1)
237 4383 326 4445 l'rogr,
347 4382 421 4431 arad.
441 4381 499 4429 den.
521 4381 595 4432 1858.
