2858 4800
178 337 245 401 lam
278 338 374 402 nimis
408 339 574 402 verbosum
607 338 705 402 fuisse
739 339 900 402 Lucilium
934 341 966 402 et
997 356 1109 419 parum
1143 339 1294 403 brevitati

70 450 242 524 studuisse,
266 468 339 512 cum
363 448 543 530 fragmenta
570 451 638 514 eius
661 453 768 532 aperte
796 450 970 526 declarent,
1002 468 1110 513 omnes
1138 448 1202 513 fere
1233 450 1294 513 viri

69 560 156 624 docti
178 561 308 624 Horatio
329 561 453 623 assensi
476 564 552 624 sunt
574 580 642 624 esse
665 562 699 623 iu
722 561 810 625 illius
834 560 1042 637 carminibus
1075 560 1158 641 quod
1181 561 1293 624 tollere

68 672 184 746 velles,
213 670 421 751 Herwigius1)
446 674 552 735 tamen
575 673 671 734 nimis
695 675 827 752 argutus
850 671 993 747 dubitat,
1023 674 1133 734 utrum
1162 671 1293 734 Horatio

69 781 242 844 concedere
264 781 373 861 possit,
396 783 489 862 plura
512 783 545 845 in
568 783 684 846 Lucilii
708 782 900 845 carminibus
924 782 1066 845 tollenda
1094 800 1162 845 esse
1193 782 1292 847 relin-

69 891 216 973 quendis,
261 891 322 954 Sed
345 893 421 955 licet
443 892 497 956 ille
521 894 639 956 nodum
668 894 702 956 in
726 894 828 974 scirpo
858 895 1002 973 quaerat,
1033 911 1089 955 nos
1117 895 1155 956 ut
1178 892 1294 956 Lucilii

68 1003 244 1066 verbositas
275 1003 393 1066 clarius
420 1004 644 1083 intellegatur,
673 1004 807 1084 exempli
836 1004 939 1084 gratia
966 1021 1052 1065 nunc
1081 1004 1294 1078 ostendemus,

68 1113 225 1205 quomodo
247 1113 581 1194 idemargumentum
603 1115 760 1177 aLuoilio
783 1117 815 1177 et
837 1114 875 1176 ab
891 1113 1023 1176 Horatio
1047 1115 1221 1176 tractatum
1241 1113 1293 1177 sit.

179 1223 303 1287 Horatii
325 1243 435 1287 versus
459 1225 551 1305 epist.
576 1225 591 1286 l
615 1226 642 1300 1,
667 1226 706 1288 73

318 1338 413 1412 „Olim
437 1338 513 1412 quod
536 1340 635 1412 volpes
658 1345 779 1411 aegroto
802 1344 888 1397 cauta
910 1339 987 1397 leoni

276 1450 446 1522 Respondit,
469 1449 608 1508 referam:
654 1451 727 1521 Quia
751 1466 794 1507 me
819 1450 940 1522 vestigia
962 1455 1076 1507 terrent

275 1560 379 1618 Omnia
399 1567 428 1618 te
451 1561 605 1619 advorsum
629 1562 799 1634 spectantia,
822 1560 901 1618 nulla
923 1561 1112 1618 retrorsum.“

70 1681 108 1725 ex
130 1664 196 1729 illis
220 1665 395 1730 Lucilianis
419 1687 566 1749 expressa
588 1671 664 1731 sunt
686 1687 714 1732 v.
738 1670 799 1732 919
823 1688 888 1750 sqq.

918 1783 1048 1855 „leonem

275 1899 424 1965 aegrotum
449 1911 483 1951 ac
505 1895 613 1950 lassum

276 2003 400 2062 deducta
421 2010 481 2061 turn
506 2022 576 2063 voce
599 2005 643 2061 leo
668 2006 728 2062 ‘our
750 2011 781 2062 tu
804 2005 869 2076 ipsa
891 2004 990 2062 venire

276 2132 332 2172 non
357 2116 399 2172 vis
422 2115 497 2173 huc?

278 2226 356 2298 ‘quid
379 2226 434 2284 sibi
457 2228 527 2299 vult,
552 2244 641 2299 quare
663 2226 696 2284 fit
718 2232 749 2283 ut
771 2227 849 2283 intro
872 2241 975 2282 vorsus
999 2230 1028 2282 et
1049 2224 1087 2282 ad
1115 2230 1144 2282 te

276 2343 406 2409 spectent
429 2344 514 2410 atque
537 2337 633 2395 ferant
656 2338 779 2409 vestigia
802 2354 832 2393 se
855 2337 952 2394 omnia
974 2335 1136 2408 prorsus?“

71 2441 188 2520 quibus
212 2444 293 2507 nihil
323 2446 500 2509 addendum
528 2465 596 2508 esse
620 2445 774 2507 existimo.
821 2443 910 2522 Quod
934 2462 1006 2507 vero
1030 2441 1149 2506 Graeca
1172 2441 1296 2504 Latinis

72 2552 258 2630 miscuerat,
287 2557 348 2619 etsi
378 2576 434 2638 per
461 2576 493 2620 se
524 2549 807 2631 orerecurrunt,
838 2574 910 2617 oum
945 2572 1008 2616 uon
1039 2555 1141 2616 solum
1169 2552 1297 2632 singula

49 2664 224 2737 ¹vocabula
241 2667 296 2729 sed
317 2669 399 2730 totos
422 2687 531 2731 versus
552 2666 687 2731 Graecos
700 2667 823 2730 Latinis
843 2684 915 2729 eum
927 2663 1099 2726 inseruisse
1118 2663 1297 2744 fragmenta

73 2773 307 2853 demonstrent,
341 2780 449 2841 tannen
482 2779 617 2842 fortasse
648 2779 855 2841 condonasset
886 2775 1009 2838 Lucilio
1039 2774 1206 2849 Horatius,
1241 2773 1296 2836 sed

72 2883 153 2947 illud
176 2885 258 2950 ferre
282 2906 345 2950 non
366 2878 506 2969 poterat,
530 2889 613 2971 quod
636 2890 668 2952 id
690 2890 794 2970 ipsmn
817 2887 933 2950 vitium
961 2885 1063 2966 inepti
1084 2885 1201 2949 Lucilii
1224 2884 1295 2946 fau-

73 2997 156 3057 tores
179 3000 217 3060 ut
238 3017 390 3078 magnum
412 3001 560 3080 quiddam
585 2999 860 3081 praedicabantll·
900 2996 962 3060 Suo
991 2997 1092 3077 igitur
1119 2995 1188 3058 iure
1217 2996 1296 3058 haec

72 3103 151 3167 vitia
176 3106 210 3169 in
239 3109 355 3174 Lucilii
385 3112 580 3176 carminibus
609 3111 799 3191 vituperavit
826 3126 928 3190 neque
956 3107 1135 3170 timendum
1163 3107 1227 3181 est,
1255 3123 1295 3168 ne

72 3213 182 3296 inique
205 3220 243 3282 de
265 3224 320 3286 illo
345 3224 547 3298 iudicaverit,
575 3223 670 3284 inuno
694 3221 759 3301 ipso
783 3221 840 3283 illa
862 3219 940 3282 vitia
962 3217 1189 3299 quodammodo
1213 3218 1294 3279 tem·

71 3352 184 3416 porum
209 3334 390 3398 diversitate
407 3352 555 3397 excusare
572 3333 688 3396 studet.
722 3331 805 3394 Nam
820 3350 894 3394 cum
909 3331 946 3393 de
963 3329 1086 3392 Lucilio
1102 3331 1179 3392 haec
1195 3328 1293 3391 dicat:

983 3445 1051 3518 „ille

277 3559 307 3618 Si
331 3560 407 3617 foret
430 3560 484 3617 hoc
507 3564 636 3616 nostrum
661 3555 720 3616 fato
744 3557 850 3615 dilatus
872 3557 902 3613 in
926 3573 1027 3614 aevum

278 3672 430 3729 Detereret
453 3668 508 3726 sibi
531 3669 629 3741 multa,
654 3669 797 3726 recideret
820 3685 912 3739 omne,
936 3666 1012 3739 quod
1035 3667 1112 3723 ultra

277 3780 442 3840 Perfectum
463 3780 639 3851 traheretur,
662 3786 691 3837 ot
713 3780 742 3836 in
766 3795 851 3836 versu
874 3776 1006 3836 faciendo

279 3893 371 3966 Saepe
394 3898 481 3965 caput
504 3891 645 3963 scaberet,
669 3891 750 3949 vivos
772 3895 801 3947 ot
823 3889 939 3947 roderet
962 3882 1132 3962 ungues.“³)

74 4089 277 4097 —--—-·--.-—---

179 4189 197 4254 ¹)
218 4190 345 4249 Horatius,
365 4194 490 4253 quatenus
509 4192 555 4236 etc.
575 4203 599 4250 p.
618 4187 706 4245 2031.

178 4274 200 4337 ²)
220 4275 251 4324 cf.
272 4276 333 4325 Hor.
351 4289 371 4324 s.
391 4275 462 4332 110,
482 4274 522 4324 20.

178 4360 202 4424 ³)
220 4360 252 4411 ci.
272 4362 333 4411 Hor.
352 4375 372 4410 o.
390 4361 404 4409 l
423 4361 463 4420 10,
482 4357 522 4410 67.
