<?xml version="1.0" encoding="UTF-8"?>
<!DOCTYPE html PUBLIC "-//W3C//DTD XHTML 1.0 Transitional//EN"
    "http://www.w3.org/TR/xhtml1/DTD/xhtml1-transitional.dtd">
<html xmlns="http://www.w3.org/1999/xhtml" xml:lang="en" lang="en">
 <head>
  <title>
</title>
<meta http-equiv="Content-Type" content="text/html;charset=utf-8" />
  <meta name='ocr-system' content='tesseract 3.04.00' />
  <meta name='ocr-capabilities' content='ocr_page ocr_carea ocr_par ocr_line ocrx_word'/>
</head>
<body>
  <div class='ocr_page' id='page_1' title='image "./quatenusinsatir00zawagoog_0025.png"; bbox 0 0 2858 4800; ppageno 0'>
   <div class='ocr_carea' id='block_1_1' title="bbox 107 156 1384 439">
    <p class='ocr_par' dir='ltr' id='par_1_1' title="bbox 107 156 1384 439">
     <span class='ocr_line' id='line_1_1' title="bbox 701 156 734 204; baseline -0.03 0"><span class='ocrx_word' id='word_1_1' title='bbox 701 156 734 204; x_wconf 79' lang='lat' dir='ltr'><strong>ao</strong></span> 
     </span>
     <span class='ocr_line' id='line_1_2' title="bbox 107 356 1384 439; baseline 0.002 -17"><span class='ocrx_word' id='word_1_2' title='bbox 107 359 174 423; x_wconf 88' lang='lat' dir='ltr'><strong>Nec</strong></span> <span class='ocrx_word' id='word_1_3' title='bbox 192 379 254 422; x_wconf 91' lang='lat' dir='ltr'><strong>non</strong></span> <span class='ocrx_word' id='word_1_4' title='bbox 277 361 323 422; x_wconf 88' lang='lat' dir='ltr'><strong>rei</strong></span> <span class='ocrx_word' id='word_1_5' title='bbox 346 358 518 422; x_wconf 88' lang='lat' dir='ltr'><strong>culinariae</strong></span> <span class='ocrx_word' id='word_1_6' title='bbox 535 356 692 422; x_wconf 91' lang='lat' dir='ltr'><strong>studiosos</strong></span> <span class='ocrx_word' id='word_1_7' title='bbox 709 360 799 421; x_wconf 89' lang='lat' dir='ltr'><strong>ambo</strong></span> <span class='ocrx_word' id='word_1_8' title='bbox 815 357 917 439; x_wconf 89' lang='lat' dir='ltr'><strong>lepide</strong></span> <span class='ocrx_word' id='word_1_9' title='bbox 934 357 1087 432; x_wconf 84' lang='lat' dir='ltr'><strong>derident,</strong></span> <span class='ocrx_word' id='word_1_10' title='bbox 1111 377 1222 421; x_wconf 88' lang='lat' dir='ltr'><strong>eorum</strong></span> <span class='ocrx_word' id='word_1_11' title='bbox 1236 376 1334 439; x_wconf 83' lang='lat' dir='ltr'><strong>prae·</strong></span> <span class='ocrx_word' id='word_1_12' title='bbox 1381 420 1384 425; x_wconf 89' lang='lat'>.</span> 
     </span>
    </p>
   </div>
   <div class='ocr_carea' id='block_1_2' title="bbox 61 470 473 644">
    <p class='ocr_par' dir='ltr' id='par_1_2' title="bbox 61 470 473 644">
     <span class='ocr_line' id='line_1_3' title="bbox 107 470 473 552; baseline -0.003 -19"><span class='ocrx_word' id='word_1_13' title='bbox 107 473 199 551; x_wconf 89' lang='lat' dir='ltr'><strong>cepta</strong></span> <span class='ocrx_word' id='word_1_14' title='bbox 220 470 473 552; x_wconf 71' lang='lat' dir='ltr'><strong>perstringentes</strong></span> 
     </span>
     <span class='ocr_line' id='line_1_4' title="bbox 61 581 289 644; baseline -0.009 0"><span class='ocrx_word' id='word_1_15' title='bbox 61 603 63 610; x_wconf 94' lang='lat'>·</span> <span class='ocrx_word' id='word_1_16' title='bbox 107 581 182 644; x_wconf 84' lang='lat' dir='ltr'><strong>huo.</strong></span> <span class='ocrx_word' id='word_1_17' title='bbox 208 582 289 644; x_wconf 84' lang='grc'><strong>1062</strong></span> 
     </span>
    </p>
   </div>
   <div class='ocr_carea' id='block_1_3' title="bbox 280 692 1151 878">
    <p class='ocr_par' dir='ltr' id='par_1_3' title="bbox 280 692 1151 878">
     <span class='ocr_line' id='line_1_5' title="bbox 292 692 1151 767; baseline 0 -17"><span class='ocrx_word' id='word_1_18' title='bbox 292 695 379 767; x_wconf 91' lang='lat' dir='ltr'><strong>„luna</strong></span> <span class='ocrx_word' id='word_1_19' title='bbox 401 695 454 752; x_wconf 87' lang='lat' dir='ltr'><strong>alit</strong></span> <span class='ocrx_word' id='word_1_20' title='bbox 476 699 572 753; x_wconf 86' lang='lat' dir='ltr'><strong>ostrea</strong></span> <span class='ocrx_word' id='word_1_21' title='bbox 594 699 623 753; x_wconf 87' lang='lat' dir='ltr'><strong>et</strong></span> <span class='ocrx_word' id='word_1_22' title='bbox 645 696 746 767; x_wconf 88' lang='lat' dir='ltr'><strong>implet</strong></span> <span class='ocrx_word' id='word_1_23' title='bbox 767 695 894 766; x_wconf 87' lang='lat' dir='ltr'><strong>echinos,</strong></span> <span class='ocrx_word' id='word_1_24' title='bbox 918 693 1041 750; x_wconf 83' lang='lat' dir='ltr'><strong>murihu’</strong></span> <span class='ocrx_word' id='word_1_25' title='bbox 1063 692 1151 751; x_wconf 88' lang='lat' dir='ltr'><strong>fibras</strong></span> 
     </span>
     <span class='ocr_line' id='line_1_6' title="bbox 280 805 539 878; baseline 0 -15"><span class='ocrx_word' id='word_1_26' title='bbox 280 811 309 863; x_wconf 85' lang='lat' dir='ltr'><strong>et</strong></span> <span class='ocrx_word' id='word_1_27' title='bbox 333 806 417 878; x_wconf 91' lang='lat' dir='ltr'><strong>pecui</strong></span> <span class='ocrx_word' id='word_1_28' title='bbox 439 805 539 864; x_wconf 88' lang='lat' dir='ltr'><strong>addit“</strong></span> 
     </span>
    </p>
   </div>
   <div class='ocr_carea' id='block_1_4' title="bbox 106 929 399 1006">
    <p class='ocr_par' dir='ltr' id='par_1_4' title="bbox 106 929 399 1006">
     <span class='ocr_line' id='line_1_7' title="bbox 106 929 399 1006; baseline 0.003 -13"><span class='ocrx_word' id='word_1_29' title='bbox 106 929 399 1006; x_wconf 59' lang='lat' dir='ltr'><strong>Hmssshffl</strong></span> 
     </span>
    </p>
   </div>
   <div class='ocr_carea' id='block_1_5' title="bbox 344 1060 1116 1135">
    <p class='ocr_par' dir='ltr' id='par_1_5' title="bbox 344 1060 1116 1135">
     <span class='ocr_line' id='line_1_8' title="bbox 344 1060 1116 1135; baseline -0.001 -16"><span class='ocrx_word' id='word_1_30' title='bbox 344 1060 490 1135; x_wconf 88' lang='lat' dir='ltr'><strong>„Lubrica</strong></span> <span class='ocrx_word' id='word_1_31' title='bbox 512 1068 661 1120; x_wconf 87' lang='lat' dir='ltr'><strong>nascentes</strong></span> <span class='ocrx_word' id='word_1_32' title='bbox 684 1062 804 1133; x_wconf 87' lang='lat' dir='ltr'><strong>implent</strong></span> <span class='ocrx_word' id='word_1_33' title='bbox 826 1060 978 1133; x_wconf 86' lang='lat' dir='ltr'><strong>conchylia</strong></span> <span class='ocrx_word' id='word_1_34' title='bbox 1000 1060 1116 1118; x_wconf 80' lang='lat' dir='ltr'><strong>lunae.“</strong></span> 
     </span>
    </p>
   </div>
   <div class='ocr_carea' id='block_1_6' title="bbox 105 1185 1332 1379">
    <p class='ocr_par' dir='ltr' id='par_1_6' title="bbox 105 1185 1332 1379">
     <span class='ocr_line' id='line_1_9' title="bbox 105 1185 1332 1267; baseline 0.001 -18"><span class='ocrx_word' id='word_1_35' title='bbox 105 1186 126 1250; x_wconf 89' lang='lat' dir='ltr'>J</span> <span class='ocrx_word' id='word_1_36' title='bbox 128 1204 179 1248; x_wconf 86' lang='lat' dir='ltr'><strong>am</strong></span> <span class='ocrx_word' id='word_1_37' title='bbox 194 1205 267 1248; x_wconf 89' lang='lat' dir='ltr'><strong>cum</strong></span> <span class='ocrx_word' id='word_1_38' title='bbox 282 1188 416 1267; x_wconf 87' lang='lat' dir='ltr'><strong>uterque</strong></span> <span class='ocrx_word' id='word_1_39' title='bbox 431 1186 648 1266; x_wconf 79' lang='lat' dir='ltr'><strong>philosophiae</strong></span> <span class='ocrx_word' id='word_1_40' title='bbox 664 1186 841 1266; x_wconf 86' lang='lat' dir='ltr'><strong>praeceptis</strong></span> <span class='ocrx_word' id='word_1_41' title='bbox 859 1185 1001 1248; x_wconf 88' lang='lat' dir='ltr'><strong>imbutus</strong></span> <span class='ocrx_word' id='word_1_42' title='bbox 1018 1189 1110 1262; x_wconf 85' lang='lat' dir='ltr'><strong>esset,</strong></span> <span class='ocrx_word' id='word_1_43' title='bbox 1134 1204 1186 1248; x_wconf 89' lang='lat' dir='ltr'><strong>eos</strong></span> <span class='ocrx_word' id='word_1_44' title='bbox 1202 1205 1332 1267; x_wconf 90' lang='lat' dir='ltr'><strong>quoque</strong></span> 
     </span>
     <span class='ocr_line' id='line_1_10' title="bbox 106 1296 1331 1379; baseline 0.002 -21"><span class='ocrx_word' id='word_1_45' title='bbox 106 1297 274 1373; x_wconf 75' lang='lat' dir='ltr'><strong>vellebant,</strong></span> <span class='ocrx_word' id='word_1_46' title='bbox 298 1297 352 1378; x_wconf 94' lang='lat' dir='ltr'><strong>qui</strong></span> <span class='ocrx_word' id='word_1_47' title='bbox 374 1297 425 1360; x_wconf 91' lang='lat' dir='ltr'><strong>illi</strong></span> <span class='ocrx_word' id='word_1_48' title='bbox 446 1316 591 1379; x_wconf 92' lang='lat' dir='ltr'><strong>perverse</strong></span> <span class='ocrx_word' id='word_1_49' title='bbox 615 1297 800 1372; x_wconf 76' lang='lat' dir='ltr'><strong>studebant,</strong></span> <span class='ocrx_word' id='word_1_50' title='bbox 828 1296 984 1377; x_wconf 88' lang='lat' dir='ltr'><strong>imprimis</strong></span> <span class='ocrx_word' id='word_1_51' title='bbox 1005 1297 1176 1359; x_wconf 77' lang='lat' dir='ltr'><strong>stoicorum</strong></span> <span class='ocrx_word' id='word_1_52' title='bbox 1201 1297 1331 1379; x_wconf 90' lang='lat' dir='ltr'><strong>ineptos</strong></span> 
     </span>
    </p>
   </div>
   <div class='ocr_carea' id='block_1_7' title="bbox 105 1409 266 1581">
    <p class='ocr_par' dir='ltr' id='par_1_7' title="bbox 105 1409 266 1581">
     <span class='ocr_line' id='line_1_11' title="bbox 105 1409 256 1470; baseline 0.007 -1"><span class='ocrx_word' id='word_1_53' title='bbox 105 1409 256 1470; x_wconf 75' lang='lat' dir='ltr'><strong>aemulos,</strong></span> 
     </span>
     <span class='ocr_line' id='line_1_12' title="bbox 106 1518 266 1581; baseline 0.006 -2"><span class='ocrx_word' id='word_1_54' title='bbox 106 1518 181 1581; x_wconf 87' lang='lat' dir='ltr'><strong>Luc.</strong></span> <span class='ocrx_word' id='word_1_55' title='bbox 205 1518 266 1580; x_wconf 81' lang='lat'><strong>826</strong></span> 
     </span>
    </p>
   </div>
   <div class='ocr_carea' id='block_1_8' title="bbox 250 1631 1161 1706">
    <p class='ocr_par' dir='ltr' id='par_1_8' title="bbox 250 1631 1161 1706">
     <span class='ocr_line' id='line_1_13' title="bbox 250 1631 1161 1706; baseline 0.002 -17"><span class='ocrx_word' id='word_1_56' title='bbox 250 1631 460 1690; x_wconf 83' lang='lat' dir='ltr'><strong>sarcinatorem</strong></span> <span class='ocrx_word' id='word_1_57' title='bbox 483 1649 546 1690; x_wconf 90' lang='lat' dir='ltr'><strong>esse</strong></span> <span class='ocrx_word' id='word_1_58' title='bbox 569 1649 718 1706; x_wconf 89' lang='lat' dir='ltr'><strong>summum,</strong></span> <span class='ocrx_word' id='word_1_59' title='bbox 743 1649 826 1690; x_wconf 89' lang='lat' dir='ltr'><strong>suere</strong></span> <span class='ocrx_word' id='word_1_60' title='bbox 849 1639 999 1690; x_wconf 84' lang='lat' dir='ltr'><strong>centonem</strong></span> <span class='ocrx_word' id='word_1_61' title='bbox 1023 1633 1161 1705; x_wconf 84' lang='lat' dir='ltr'><strong>optume“</strong></span> 
     </span>
    </p>
   </div>
   <div class='ocr_carea' id='block_1_9' title="bbox 105 1757 1175 1945">
    <p class='ocr_par' dir='ltr' id='par_1_9' title="bbox 105 1757 1175 1945">
     <span class='ocr_line' id='line_1_14' title="bbox 105 1757 342 1822; baseline -0.008 -1"><span class='ocrx_word' id='word_1_62' title='bbox 105 1759 138 1822; x_wconf 86' lang='lat' dir='ltr'><strong>et</strong></span> <span class='ocrx_word' id='word_1_63' title='bbox 160 1758 235 1821; x_wconf 86' lang='lat' dir='ltr'><strong>Luc.</strong></span> <span class='ocrx_word' id='word_1_64' title='bbox 262 1757 342 1819; x_wconf 77' lang='lat'>1172</span> 
     </span>
     <span class='ocr_line' id='line_1_15' title="bbox 453 1871 1175 1945; baseline 0 -17"><span class='ocrx_word' id='word_1_65' title='bbox 453 1888 529 1945; x_wconf 89' lang='lat' dir='ltr'><strong>„non</strong></span> <span class='ocrx_word' id='word_1_66' title='bbox 553 1872 739 1944; x_wconf 83' lang='lat' dir='ltr'><strong>demetiam,</strong></span> <span class='ocrx_word' id='word_1_67' title='bbox 763 1874 812 1944; x_wconf 88' lang='lat' dir='ltr'><strong>qui</strong></span> <span class='ocrx_word' id='word_1_68' title='bbox 834 1873 905 1930; x_wconf 89' lang='lat' dir='ltr'><strong>haec</strong></span> <span class='ocrx_word' id='word_1_69' title='bbox 929 1873 1025 1930; x_wconf 83' lang='lat' dir='ltr'><strong>orrrrria</strong></span> <span class='ocrx_word' id='word_1_70' title='bbox 1048 1871 1175 1944; x_wconf 89' lang='lat' dir='ltr'><strong>habebit,</strong></span> 
     </span>
    </p>
   </div>
   <div class='ocr_carea' id='block_1_10' title="bbox 166 1981 929 2041">
    <p class='ocr_par' dir='ltr' id='par_1_10' title="bbox 166 1981 929 2041">
     <span class='ocr_line' id='line_1_16' title="bbox 166 1981 929 2041; baseline 0.001 -2"><span class='ocrx_word' id='word_1_71' title='bbox 166 2020 169 2024; x_wconf 77' lang='lat'><strong>,</strong></span> <span class='ocrx_word' id='word_1_72' title='bbox 256 1981 399 2041; x_wconf 90' lang='lat' dir='ltr'><strong>formosus</strong></span> <span class='ocrx_word' id='word_1_73' title='bbox 422 1982 502 2040; x_wconf 89' lang='lat' dir='ltr'><strong>dives</strong></span> <span class='ocrx_word' id='word_1_74' title='bbox 525 1982 598 2040; x_wconf 92' lang='lat' dir='ltr'><strong>liber</strong></span> <span class='ocrx_word' id='word_1_75' title='bbox 622 1999 672 2039; x_wconf 76' lang='lat' dir='ltr'><strong>ren</strong></span> <span class='ocrx_word' id='word_1_76' title='bbox 696 1983 767 2041; x_wconf 89' lang='lat' dir='ltr'><strong>solu’</strong></span> <span class='ocrx_word' id='word_1_77' title='bbox 790 1984 929 2041; x_wconf 77' lang='lat' dir='ltr'><strong>vocetur“</strong></span> 
     </span>
    </p>
   </div>
   <div class='ocr_carea' id='block_1_11' title="bbox 103 2105 1102 2392">
    <p class='ocr_par' dir='ltr' id='par_1_11' title="bbox 103 2105 1102 2392">
     <span class='ocr_line' id='line_1_17' title="bbox 103 2105 476 2189; baseline -0.005 -19"><span class='ocrx_word' id='word_1_78' title='bbox 103 2108 179 2170; x_wconf 89' lang='lat' dir='ltr'><strong>Hor.</strong></span> <span class='ocrx_word' id='word_1_79' title='bbox 203 2126 227 2170; x_wconf 93' lang='lat' dir='ltr'><strong>s.</strong></span> <span class='ocrx_word' id='word_1_80' title='bbox 250 2105 267 2168; x_wconf 93' lang='lat' dir='ltr'>I</span> <span class='ocrx_word' id='word_1_81' title='bbox 288 2108 317 2183; x_wconf 88' lang='grc'><strong>3,</strong></span> <span class='ocrx_word' id='word_1_82' title='bbox 342 2105 476 2189; x_wconf 66' lang='grc'><strong>1241125</strong></span> 
     </span>
     <span class='ocr_line' id='line_1_18' title="bbox 628 2221 1078 2296; baseline 0.002 -18"><span class='ocrx_word' id='word_1_83' title='bbox 628 2221 678 2296; x_wconf 88' lang='lat' dir='ltr'><strong>„Si</strong></span> <span class='ocrx_word' id='word_1_84' title='bbox 701 2222 790 2295; x_wconf 87' lang='lat' dir='ltr'><strong>dives,</strong></span> <span class='ocrx_word' id='word_1_85' title='bbox 815 2223 864 2294; x_wconf 90' lang='lat' dir='ltr'><strong>qui</strong></span> <span class='ocrx_word' id='word_1_86' title='bbox 887 2223 1001 2294; x_wconf 87' lang='lat' dir='ltr'><strong>sapiens</strong></span> <span class='ocrx_word' id='word_1_87' title='bbox 1025 2228 1078 2294; x_wconf 89' lang='lat' dir='ltr'><strong>est,</strong></span> 
     </span>
     <span class='ocr_line' id='line_1_19' title="bbox 307 2331 1102 2392; baseline 0.001 -4"><span class='ocrx_word' id='word_1_88' title='bbox 307 2331 345 2388; x_wconf 84' lang='lat' dir='ltr'><strong>Et</strong></span> <span class='ocrx_word' id='word_1_89' title='bbox 368 2337 449 2390; x_wconf 87' lang='lat' dir='ltr'><strong>sutor</strong></span> <span class='ocrx_word' id='word_1_90' title='bbox 471 2331 563 2389; x_wconf 89' lang='lat' dir='ltr'><strong>bonus</strong></span> <span class='ocrx_word' id='word_1_91' title='bbox 586 2340 615 2391; x_wconf 87' lang='lat' dir='ltr'><strong>et</strong></span> <span class='ocrx_word' id='word_1_92' title='bbox 637 2335 713 2392; x_wconf 89' lang='lat' dir='ltr'><strong>solus</strong></span> <span class='ocrx_word' id='word_1_93' title='bbox 737 2332 881 2391; x_wconf 88' lang='lat' dir='ltr'><strong>formosus</strong></span> <span class='ocrx_word' id='word_1_94' title='bbox 904 2339 932 2391; x_wconf 89' lang='lat' dir='ltr'><strong>et</strong></span> <span class='ocrx_word' id='word_1_95' title='bbox 955 2339 998 2390; x_wconf 92' lang='lat' dir='ltr'><strong>est</strong></span> <span class='ocrx_word' id='word_1_96' title='bbox 1021 2335 1102 2391; x_wconf 81' lang='lat' dir='ltr'><strong>rex.“</strong></span> 
     </span>
    </p>
   </div>
   <div class='ocr_carea' id='block_1_12' title="bbox 103 2462 1328 2988">
    <p class='ocr_par' dir='ltr' id='par_1_12' title="bbox 103 2462 1328 2988">
     <span class='ocr_line' id='line_1_20' title="bbox 103 2462 1328 2544; baseline -0.001 -17"><span class='ocrx_word' id='word_1_97' title='bbox 103 2465 266 2528; x_wconf 86' lang='lat' dir='ltr'><strong>Addamus</strong></span> <span class='ocrx_word' id='word_1_98' title='bbox 282 2465 509 2544; x_wconf 83' lang='lat' dir='ltr'><strong>Porphyrionis</strong></span> <span class='ocrx_word' id='word_1_99' title='bbox 532 2466 720 2533; x_wconf 86' lang='lat' dir='ltr'><strong>scholiastae</strong></span> <span class='ocrx_word' id='word_1_100' title='bbox 741 2467 978 2530; x_wconf 86' lang='lat' dir='ltr'><strong>adnotationem</strong></span> <span class='ocrx_word' id='word_1_101' title='bbox 994 2467 1032 2529; x_wconf 89' lang='lat' dir='ltr'><strong>ad</strong></span> <span class='ocrx_word' id='word_1_102' title='bbox 1048 2468 1122 2530; x_wconf 87' lang='lat' dir='ltr'><strong>Hor.</strong></span> <span class='ocrx_word' id='word_1_103' title='bbox 1139 2485 1163 2528; x_wconf 91' lang='lat' dir='ltr'><strong>s.</strong></span> <span class='ocrx_word' id='word_1_104' title='bbox 1179 2462 1210 2526; x_wconf 90' lang='lat' dir='ltr'><strong>ll</strong></span> <span class='ocrx_word' id='word_1_105' title='bbox 1226 2466 1255 2539; x_wconf 76' lang='lat'><strong>3,</strong></span> <span class='ocrx_word' id='word_1_106' title='bbox 1272 2465 1328 2541; x_wconf 74' lang='lat' dir='ltr'><strong>dr,</strong></span> 
     </span>
     <span class='ocr_line' id='line_1_21' title="bbox 103 2575 1327 2658; baseline 0 -20"><span class='ocrx_word' id='word_1_107' title='bbox 103 2577 158 2656; x_wconf 92' lang='lat' dir='ltr'><strong>qui</strong></span> <span class='ocrx_word' id='word_1_108' title='bbox 175 2577 214 2638; x_wconf 93' lang='lat' dir='ltr'><strong>ad</strong></span> <span class='ocrx_word' id='word_1_109' title='bbox 229 2577 337 2638; x_wconf 85' lang='lat' dir='ltr'><strong>verba:</strong></span> <span class='ocrx_word' id='word_1_110' title='bbox 355 2575 519 2652; x_wconf 89' lang='lat' dir='ltr'><strong>„Primum</strong></span> <span class='ocrx_word' id='word_1_111' title='bbox 530 2594 603 2639; x_wconf 85' lang='lat' dir='ltr'><strong>narn</strong></span> <span class='ocrx_word' id='word_1_112' title='bbox 616 2577 785 2657; x_wconf 87' lang='lat' dir='ltr'><strong>inquiram,</strong></span> <span class='ocrx_word' id='word_1_113' title='bbox 802 2577 878 2658; x_wconf 87' lang='lat' dir='ltr'><strong>quid</strong></span> <span class='ocrx_word' id='word_1_114' title='bbox 894 2578 937 2640; x_wconf 92' lang='lat' dir='ltr'><strong>sit</strong></span> <span class='ocrx_word' id='word_1_115' title='bbox 949 2577 1073 2641; x_wconf 73' lang='lat' dir='ltr'><strong>furere‘</strong></span> <span class='ocrx_word' id='word_1_116' title='bbox 1085 2577 1185 2640; x_wconf 90' lang='lat' dir='ltr'><strong>addit:</strong></span> <span class='ocrx_word' id='word_1_117' title='bbox 1207 2575 1327 2638; x_wconf 87' lang='lat' dir='ltr'><strong>Osten-</strong></span> 
     </span>
     <span class='ocr_line' id='line_1_22' title="bbox 103 2687 1326 2770; baseline 0.001 -21"><span class='ocrx_word' id='word_1_118' title='bbox 103 2687 159 2761; x_wconf 91' lang='lat' dir='ltr'><strong>dit,</strong></span> <span class='ocrx_word' id='word_1_119' title='bbox 183 2687 259 2767; x_wconf 88' lang='lat' dir='ltr'><strong>quid</strong></span> <span class='ocrx_word' id='word_1_120' title='bbox 282 2689 325 2750; x_wconf 87' lang='lat' dir='ltr'><strong>sit</strong></span> <span class='ocrx_word' id='word_1_121' title='bbox 347 2687 435 2750; x_wconf 87' lang='lat' dir='ltr'><strong>furor</strong></span> <span class='ocrx_word' id='word_1_122' title='bbox 458 2690 495 2750; x_wconf 89' lang='lat' dir='ltr'><strong>ut</strong></span> <span class='ocrx_word' id='word_1_123' title='bbox 517 2687 669 2751; x_wconf 89' lang='lat' dir='ltr'><strong>Lucilius.</strong></span> <span class='ocrx_word' id='word_1_124' title='bbox 704 2689 749 2750; x_wconf 85' lang='lat' dir='ltr'><strong>Hx</strong></span> <span class='ocrx_word' id='word_1_125' title='bbox 772 2690 887 2768; x_wconf 89' lang='lat' dir='ltr'><strong>quibus</strong></span> <span class='ocrx_word' id='word_1_126' title='bbox 911 2689 1053 2751; x_wconf 89' lang='lat' dir='ltr'><strong>conicere</strong></span> <span class='ocrx_word' id='word_1_127' title='bbox 1075 2687 1326 2770; x_wconf 81' lang='lat' dir='ltr'><strong>possumushu-</strong></span> 
     </span>
     <span class='ocr_line' id='line_1_23' title="bbox 103 2797 1325 2862; baseline 0 -2"><span class='ocrx_word' id='word_1_128' title='bbox 103 2797 213 2860; x_wconf 89' lang='lat' dir='ltr'><strong>cilium</strong></span> <span class='ocrx_word' id='word_1_129' title='bbox 241 2799 412 2861; x_wconf 88' lang='lat' dir='ltr'><strong>stoicorum</strong></span> <span class='ocrx_word' id='word_1_130' title='bbox 441 2799 573 2860; x_wconf 89' lang='lat' dir='ltr'><strong>docendi</strong></span> <span class='ocrx_word' id='word_1_131' title='bbox 608 2799 747 2862; x_wconf 87' lang='lat' dir='ltr'><strong>rationes</strong></span> <span class='ocrx_word' id='word_1_132' title='bbox 777 2800 925 2862; x_wconf 88' lang='lat' dir='ltr'><strong>derisisse</strong></span> <span class='ocrx_word' id='word_1_133' title='bbox 954 2803 987 2861; x_wconf 87' lang='lat' dir='ltr'><strong>et</strong></span> <span class='ocrx_word' id='word_1_134' title='bbox 1014 2800 1183 2862; x_wconf 89' lang='lat' dir='ltr'><strong>Horatium</strong></span> <span class='ocrx_word' id='word_1_135' title='bbox 1213 2798 1245 2860; x_wconf 94' lang='lat' dir='ltr'><strong>id</strong></span> <span class='ocrx_word' id='word_1_136' title='bbox 1273 2817 1325 2860; x_wconf 88' lang='lat' dir='ltr'><strong>re—</strong></span> 
     </span>
     <span class='ocr_line' id='line_1_24' title="bbox 103 2909 787 2988; baseline 0.001 -17"><span class='ocrx_word' id='word_1_137' title='bbox 103 2909 251 2988; x_wconf 84' lang='lat' dir='ltr'><strong>spexisse,</strong></span> <span class='ocrx_word' id='word_1_138' title='bbox 275 2927 347 2971; x_wconf 88' lang='lat' dir='ltr'><strong>omn</strong></span> <span class='ocrx_word' id='word_1_139' title='bbox 370 2910 452 2971; x_wconf 89' lang='lat' dir='ltr'><strong>hano</strong></span> <span class='ocrx_word' id='word_1_140' title='bbox 471 2909 602 2971; x_wconf 90' lang='lat' dir='ltr'><strong>satiram</strong></span> <span class='ocrx_word' id='word_1_141' title='bbox 626 2911 787 2973; x_wconf 87' lang='lat' dir='ltr'><strong>scriberet.</strong></span> 
     </span>
    </p>
   </div>
   <div class='ocr_carea' id='block_1_13' title="bbox 99 3043 1326 3570">
    <p class='ocr_par' dir='ltr' id='par_1_13' title="bbox 99 3043 1326 3570">
     <span class='ocr_line' id='line_1_25' title="bbox 204 3043 1326 3127; baseline -0.001 -18"><span class='ocrx_word' id='word_1_142' title='bbox 204 3043 285 3109; x_wconf 78' lang='lat' dir='ltr'><strong>Cum</strong></span> <span class='ocrx_word' id='word_1_143' title='bbox 310 3045 446 3126; x_wconf 90' lang='lat' dir='ltr'><strong>denique</strong></span> <span class='ocrx_word' id='word_1_144' title='bbox 473 3045 625 3108; x_wconf 90' lang='lat' dir='ltr'><strong>Horatius</strong></span> <span class='ocrx_word' id='word_1_145' title='bbox 657 3047 840 3127; x_wconf 89' lang='lat' dir='ltr'><strong>saepissime</strong></span> <span class='ocrx_word' id='word_1_146' title='bbox 877 3047 910 3110; x_wconf 87' lang='lat' dir='ltr'><strong>id</strong></span> <span class='ocrx_word' id='word_1_147' title='bbox 937 3050 1046 3127; x_wconf 87' lang='lat' dir='ltr'><strong>ageret</strong></span> <span class='ocrx_word' id='word_1_148' title='bbox 1076 3049 1113 3109; x_wconf 89' lang='lat' dir='ltr'><strong>ut</strong></span> <span class='ocrx_word' id='word_1_149' title='bbox 1141 3046 1326 3127; x_wconf 89' lang='lat' dir='ltr'><strong>aequalium</strong></span> 
     </span>
     <span class='ocr_line' id='line_1_26' title="bbox 100 3155 1323 3238; baseline 0.001 -19"><span class='ocrx_word' id='word_1_150' title='bbox 100 3156 219 3219; x_wconf 89' lang='lat' dir='ltr'><strong>iudicia</strong></span> <span class='ocrx_word' id='word_1_151' title='bbox 240 3155 278 3218; x_wconf 88' lang='lat' dir='ltr'><strong>de</strong></span> <span class='ocrx_word' id='word_1_152' title='bbox 301 3156 533 3237; x_wconf 86' lang='lat' dir='ltr'><strong>antiquioribus</strong></span> <span class='ocrx_word' id='word_1_153' title='bbox 555 3157 658 3236; x_wconf 91' lang='lat' dir='ltr'><strong>poetis</strong></span> <span class='ocrx_word' id='word_1_154' title='bbox 681 3158 854 3238; x_wconf 80' lang='lat' dir='ltr'><strong>corrigeret</strong></span> <span class='ocrx_word' id='word_1_155' title='bbox 877 3175 1047 3238; x_wconf 89' lang='lat' dir='ltr'><strong>eorumque</strong></span> <span class='ocrx_word' id='word_1_156' title='bbox 1070 3157 1195 3238; x_wconf 88' lang='lat' dir='ltr'><strong>ineptos</strong></span> <span class='ocrx_word' id='word_1_157' title='bbox 1210 3156 1323 3220; x_wconf 87' lang='lat' dir='ltr'><strong>lauda·</strong></span> 
     </span>
     <span class='ocr_line' id='line_1_27' title="bbox 100 3266 1325 3350; baseline 0.001 -20"><span class='ocrx_word' id='word_1_158' title='bbox 100 3270 184 3330; x_wconf 87' lang='lat' dir='ltr'><strong>tores</strong></span> <span class='ocrx_word' id='word_1_159' title='bbox 213 3266 399 3346; x_wconf 81' lang='lat' dir='ltr'><strong>castigaret,</strong></span> <span class='ocrx_word' id='word_1_160' title='bbox 434 3267 466 3328; x_wconf 92' lang='lat' dir='ltr'><strong>id</strong></span> <span class='ocrx_word' id='word_1_161' title='bbox 496 3267 613 3331; x_wconf 87' lang='lat' dir='ltr'><strong>Lucilii</strong></span> <span class='ocrx_word' id='word_1_162' title='bbox 646 3271 786 3350; x_wconf 83' lang='lat' dir='ltr'><strong>exemplo</strong></span> <span class='ocrx_word' id='word_1_163' title='bbox 822 3288 895 3332; x_wconf 93' lang='lat' dir='ltr'><strong>eum</strong></span> <span class='ocrx_word' id='word_1_164' title='bbox 927 3268 1040 3331; x_wconf 87' lang='lat' dir='ltr'><strong>fecisse</strong></span> <span class='ocrx_word' id='word_1_165' title='bbox 1074 3267 1233 3343; x_wconf 87' lang='lat' dir='ltr'><strong>videmus,</strong></span> <span class='ocrx_word' id='word_1_166' title='bbox 1267 3269 1325 3349; x_wconf 87' lang='lat' dir='ltr'><strong>qui</strong></span> 
     </span>
     <span class='ocr_line' id='line_1_28' title="bbox 99 3356 1324 3459; baseline 0 -19"><span class='ocrx_word' id='word_1_167' title='bbox 99 3380 221 3440; x_wconf 86' lang='lat' dir='ltr'><strong>veteres</strong></span> <span class='ocrx_word' id='word_1_168' title='bbox 244 3378 352 3457; x_wconf 89' lang='lat' dir='ltr'><strong>poetas</strong></span> <span class='ocrx_word' id='word_1_169' title='bbox 376 3378 501 3457; x_wconf 89' lang='lat' dir='ltr'><strong>saepius</strong></span> <span class='ocrx_word' id='word_1_170' title='bbox 524 3378 686 3442; x_wconf 86' lang='lat' dir='ltr'><strong>irridebat.</strong></span> <span class='ocrx_word' id='word_1_171' title='bbox 725 3379 815 3458; x_wconf 77' lang='lat' dir='ltr'><strong>Quod</strong></span> <span class='ocrx_word' id='word_1_172' title='bbox 838 3398 911 3442; x_wconf 89' lang='lat' dir='ltr'><strong>oum</strong></span> <span class='ocrx_word' id='word_1_173' title='bbox 933 3379 1060 3442; x_wconf 88' lang='lat' dir='ltr'><strong>Horatii</strong></span> <span class='ocrx_word' id='word_1_174' title='bbox 1083 3399 1107 3441; x_wconf 91' lang='lat' dir='ltr'><strong>s.</strong></span> <span class='ocrx_word' id='word_1_175' title='bbox 1124 3378 1140 3440; x_wconf 89' lang='lat' dir='ltr'>I</span> <span class='ocrx_word' id='word_1_176' title='bbox 1156 3356 1324 3459; x_wconf 30' lang='lat' dir='ltr'><strong>10,⁴53s54</strong></span> 
     </span>
     <span class='ocr_line' id='line_1_29' title="bbox 100 3488 1324 3570; baseline 0.001 -19"><span class='ocrx_word' id='word_1_177' title='bbox 100 3488 231 3569; x_wconf 90' lang='lat' dir='ltr'><strong>eiusque</strong></span> <span class='ocrx_word' id='word_1_178' title='bbox 254 3488 498 3550; x_wconf 91' lang='lat' dir='ltr'><strong>scholiastarum</strong></span> <span class='ocrx_word' id='word_1_179' title='bbox 521 3489 704 3552; x_wconf 89' lang='lat' dir='ltr'><strong>testimonio</strong></span> <span class='ocrx_word' id='word_1_180' title='bbox 727 3490 932 3553; x_wconf 85' lang='lat' dir='ltr'><strong>confirmatur</strong></span> <span class='ocrx_word' id='word_1_181' title='bbox 954 3493 1023 3554; x_wconf 87' lang='lat' dir='ltr'><strong>turn</strong></span> <span class='ocrx_word' id='word_1_182' title='bbox 1039 3490 1217 3570; x_wconf 83' lang='lat' dir='ltr'><strong>fragmenta</strong></span> <span class='ocrx_word' id='word_1_183' title='bbox 1231 3488 1324 3552; x_wconf 90' lang='lat' dir='ltr'><strong>illius</strong></span> 
     </span>
    </p>
   </div>
   <div class='ocr_carea' id='block_1_14' title="bbox 99 3597 1323 3773">
    <p class='ocr_par' dir='ltr' id='par_1_14' title="bbox 99 3597 1323 3773">
     <span class='ocr_line' id='line_1_30' title="bbox 99 3597 1323 3679; baseline 0.003 -19"><span class='ocrx_word' id='word_1_184' title='bbox 99 3598 168 3678; x_wconf 91' lang='lat' dir='ltr'><strong>ipsa</strong></span> <span class='ocrx_word' id='word_1_185' title='bbox 204 3597 434 3673; x_wconf 83' lang='lat' dir='ltr'><strong>demonstrant,</strong></span> <span class='ocrx_word' id='word_1_186' title='bbox 468 3617 602 3679; x_wconf 90' lang='lat' dir='ltr'><strong>quorum</strong></span> <span class='ocrx_word' id='word_1_187' title='bbox 636 3601 682 3663; x_wconf 90' lang='lat' dir='ltr'><strong>rei</strong></span> <span class='ocrx_word' id='word_1_188' title='bbox 715 3601 924 3664; x_wconf 89' lang='lat' dir='ltr'><strong>illustrandae</strong></span> <span class='ocrx_word' id='word_1_189' title='bbox 959 3620 1054 3664; x_wconf 90' lang='lat' dir='ltr'><strong>causa</strong></span> <span class='ocrx_word' id='word_1_190' title='bbox 1088 3602 1149 3664; x_wconf 90' lang='lat' dir='ltr'><strong>duo</strong></span> <span class='ocrx_word' id='word_1_191' title='bbox 1181 3598 1323 3664; x_wconf 86' lang='lat' dir='ltr'><strong>afferam.</strong></span> 
     </span>
     <span class='ocr_line' id='line_1_31' title="bbox 100 3707 386 3773; baseline 0 0"><span class='ocrx_word' id='word_1_192' title='bbox 100 3707 153 3773; x_wconf 81' lang='lat' dir='ltr'><strong>Sic</strong></span> <span class='ocrx_word' id='word_1_193' title='bbox 175 3710 249 3772; x_wconf 88' lang='lat' dir='ltr'><strong>Luc.</strong></span> <span class='ocrx_word' id='word_1_194' title='bbox 272 3728 301 3772; x_wconf 82' lang='lat' dir='ltr'><strong>r.</strong></span> <span class='ocrx_word' id='word_1_195' title='bbox 326 3710 386 3773; x_wconf 84' lang='grc'><strong>170</strong></span> 
     </span>
    </p>
   </div>
   <div class='ocr_carea' id='block_1_15' title="bbox 359 3843 1059 3916">
    <p class='ocr_par' dir='ltr' id='par_1_15' title="bbox 359 3843 1059 3916">
     <span class='ocr_line' id='line_1_32' title="bbox 359 3843 1059 3916; baseline 0.001 -17"><span class='ocrx_word' id='word_1_196' title='bbox 359 3843 512 3916; x_wconf 86' lang='lat' dir='ltr'><strong>„lascivire</strong></span> <span class='ocrx_word' id='word_1_197' title='bbox 534 3858 621 3914; x_wconf 88' lang='lat' dir='ltr'><strong>pecus</strong></span> <span class='ocrx_word' id='word_1_198' title='bbox 643 3843 706 3899; x_wconf 91' lang='lat' dir='ltr'><strong>nasi</strong></span> <span class='ocrx_word' id='word_1_199' title='bbox 729 3845 875 3916; x_wconf 88' lang='lat' dir='ltr'><strong>rostrique</strong></span> <span class='ocrx_word' id='word_1_200' title='bbox 898 3844 1059 3915; x_wconf 89' lang='lat' dir='ltr'><strong>repandum</strong></span> 
     </span>
    </p>
   </div>
   <div class='ocr_carea' id='block_1_16' title="bbox 97 3974 1038 4058">
    <p class='ocr_par' dir='ltr' id='par_1_16' title="bbox 97 3974 1038 4058">
     <span class='ocr_line' id='line_1_33' title="bbox 97 3974 1038 4058; baseline 0.001 -21"><span class='ocrx_word' id='word_1_201' title='bbox 97 3975 183 4037; x_wconf 90' lang='lat' dir='ltr'><strong>hunc</strong></span> <span class='ocrx_word' id='word_1_202' title='bbox 206 3974 422 4038; x_wconf 86' lang='lat' dir='ltr'><strong>Pacuvianum</strong></span> <span class='ocrx_word' id='word_1_203' title='bbox 445 3992 570 4037; x_wconf 90' lang='lat' dir='ltr'><strong>versum</strong></span> <span class='ocrx_word' id='word_1_204' title='bbox 593 3975 695 4054; x_wconf 91' lang='lat' dir='ltr'><strong>oarpit</strong></span> <span class='ocrx_word' id='word_1_205' title='bbox 717 3976 792 4056; x_wconf 74' lang='lat' dir='ltr'><strong>(loa</strong></span> <span class='ocrx_word' id='word_1_206' title='bbox 815 3976 862 4040; x_wconf 90' lang='lat' dir='ltr'><strong>ed.</strong></span> <span class='ocrx_word' id='word_1_207' title='bbox 885 3976 1038 4058; x_wconf 80' lang='lat' dir='ltr'><strong>Ribbeck)</strong></span> 
     </span>
    </p>
   </div>
   <div class='ocr_carea' id='block_1_17' title="bbox 302 4105 1113 4192">
    <p class='ocr_par' dir='ltr' id='par_1_17' title="bbox 302 4105 1113 4192">
     <span class='ocr_line' id='line_1_34' title="bbox 302 4105 1113 4192; baseline 0.004 -30"><span class='ocrx_word' id='word_1_208' title='bbox 302 4105 408 4177; x_wconf 88' lang='lat' dir='ltr'><strong>„Nerei</strong></span> <span class='ocrx_word' id='word_1_209' title='bbox 431 4105 553 4178; x_wconf 87' lang='lat' dir='ltr'><strong>repandi</strong></span> <span class='ocrx_word' id='word_1_210' title='bbox 575 4111 702 4163; x_wconf 90' lang='lat' dir='ltr'><strong>rostrum</strong></span> <span class='ocrx_word' id='word_1_211' title='bbox 724 4107 984 4192; x_wconf 79' lang='lat' dir='ltr'><strong>incurvicervicum</strong></span> <span class='ocrx_word' id='word_1_212' title='bbox 1006 4109 1113 4179; x_wconf 89' lang='lat' dir='ltr'><strong>pecus“</strong></span> 
     </span>
    </p>
   </div>
   <div class='ocr_carea' id='block_1_18' title="bbox 98 4228 1230 4418">
    <p class='ocr_par' dir='ltr' id='par_1_18' title="bbox 98 4228 1230 4418">
     <span class='ocr_line' id='line_1_35' title="bbox 98 4228 364 4293; baseline 0.004 -3"><span class='ocrx_word' id='word_1_213' title='bbox 98 4230 130 4291; x_wconf 91' lang='lat' dir='ltr'><strong>et</strong></span> <span class='ocrx_word' id='word_1_214' title='bbox 152 4229 227 4292; x_wconf 89' lang='lat' dir='ltr'><strong>Luc.</strong></span> <span class='ocrx_word' id='word_1_215' title='bbox 251 4248 279 4293; x_wconf 82' lang='lat' dir='ltr'><strong>r.</strong></span> <span class='ocrx_word' id='word_1_216' title='bbox 303 4228 364 4291; x_wconf 87' lang='lat'><strong>500</strong></span> 
     </span>
     <span class='ocr_line' id='line_1_36' title="bbox 182 4322 1230 4418; baseline 0.005 -19"><span class='ocrx_word' id='word_1_217' title='bbox 182 4344 292 4416; x_wconf 89' lang='lat' dir='ltr'><strong>„latere</strong></span> <span class='ocrx_word' id='word_1_218' title='bbox 315 4342 458 4416; x_wconf 87' lang='lat' dir='ltr'><strong>pendens,</strong></span> <span class='ocrx_word' id='word_1_219' title='bbox 481 4360 553 4402; x_wconf 85' lang='lat' dir='ltr'><strong>saxa</strong></span> <span class='ocrx_word' id='word_1_220' title='bbox 575 4361 716 4417; x_wconf 83' lang='lat' dir='ltr'><strong>spargens</strong></span> <span class='ocrx_word' id='word_1_221' title='bbox 738 4344 807 4404; x_wconf 85' lang='lat' dir='ltr'><strong>tabo</strong></span> <span class='ocrx_word' id='word_1_222' title='bbox 830 4347 909 4404; x_wconf 87' lang='lat' dir='ltr'><strong>sanie</strong></span> <span class='ocrx_word' id='word_1_223' title='bbox 932 4350 961 4403; x_wconf 88' lang='lat' dir='ltr'><strong>et</strong></span> <span class='ocrx_word' id='word_1_224' title='bbox 982 4322 1230 4418; x_wconf 27' lang='lat' dir='ltr'><strong>sanguine-atro‘</strong></span> 
     </span>
    </p>
   </div>
   <div class='ocr_carea' id='block_1_19' title="bbox 0 0 1434 4800">
    <p class='ocr_par' dir='ltr' id='par_1_19' title="bbox 0 0 1434 4800">
     <span class='ocr_line' id='line_1_37' title="bbox 0 0 1434 4800; baseline 0 2"><span class='ocrx_word' id='word_1_225' title='bbox 0 0 1434 4800; x_wconf 95' lang='lat' dir='ltr'><strong> </strong></span> 
     </span>
    </p>
   </div>
  </div>
 </body>
</html>
