2858 4800
542 680 817 848 urin.

183 1058 477 1169 Victor-Zawadzhi
504 1115 588 1168 natus
612 1127 673 1167 sum
696 1110 865 1168 Ratiboriac
896 1125 921 1167 a.
946 1108 973 1166 d.
996 1108 1100 1166 XVIll
1131 1107 1184 1165 cal.
1207 1109 1296 1166 Mart..

71 1240 100 1282 a.
124 1223 152 1280 h.
177 1239 199 1281 s.
224 1222 291 1280 LIV
313 1228 396 1295 patre
420 1222 577 1279 Franuiseo
601 1227 693 1278 matre
717 1221 797 1278 Rosa
819 1237 834 1278 e
857 1225 943 1292 gente
966 1219 1168 1292 Richteriana,
1193 1218 1297 1291 quibus

71 1333 168 1392 adhuc
201 1333 406 1406 superstitibus
441 1333 562 1405 gaudeo.
618 1332 691 1389 Fide
725 1332 855 1389 initiatus
890 1348 951 1388 sum
986 1331 1138 1388 catholica.
1200 1330 1298 1388 Prima

70 1445 224 1502 literarum
260 1445 402 1503 elementa
435 1461 498 1501 cum
539 1444 568 1500 in
601 1443 669 1501 ludo
709 1443 852 1501 communi
887 1441 1083 1500 Ratiboriensi
1122 1441 1295 1512 didicissem,
1385 1484 1390 1489 .

71 1555 274 1614 duodecimum
303 1573 406 1613 annum
435 1572 523 1627 agens
552 1554 733 1627 gymnasium
770 1553 851 1610 urbis
880 1559 997 1611 nostrae
1026 1553 1098 1624 adii,
1139 1553 1215 1625 quod
1246 1568 1297 1624 per

70 1683 176 1724 novem
199 1684 289 1725 anrios
312 1666 504 1739 frequentavi.
550 1666 729 1722 hlatunitatis
752 1665 917 1723 testimonio
941 1666 1097 1722 instructus
1121 1681 1146 1722 a.
1170 1662 1295 1721 LXXIV

70 1776 101 1835 h.
118 1794 140 1834 s,
157 1778 323 1836 Berolinum
347 1795 391 1835 me
415 1777 522 1834 contuli
546 1781 578 1832 ut
600 1775 711 1832 civibus
735 1777 933 1833 universitatis
950 1776 1117 1833 Friderioae
1134 1775 1293 1832 Guilelmac

23 1952 27 1957 ,
71 1888 265 1947 adscriberer.
316 1890 371 1947 Hic
399 1905 452 1960 per
474 1888 580 1960 septies
598 1904 660 1978 sex
687 1903 798 1944 menses
821 1887 927 1945 scholis
950 1885 1069 1944 interfui
1100 1903 1144 1943 vv.
1170 1887 1215 1942 cll.
1241 1886 1295 1943 llo-

71 2000 154 2056 nitzii
185 1998 277 2057 Curtii
305 1999 448 2072 Droyseni
477 1998 593 2070 Geigeri
625 1997 765 2069 Gepperti
796 1998 942 2056 Hucbneri
965 1998 1095 2069 Kieperti
1118 1993 1296 2056 Kirehhoffii

60 2111 215 2175 ,Kleinerti
244 2110 416 2169 Mommseni
446 2110 597 2167 Mullachii
631 2110 773 2166 Nitzschii
812 2109 898 2167 Treui
927 2109 1049 2166 Vahleni
1078 2108 1295 2166 Wattenbaehii

72 2222 189 2280 Zelleri.
242 2221 355 2279 Sodalis
383 2221 531 2279 seminarii
561 2220 730 2292 philologici
760 2219 925 2278 ordinarius
955 2219 1073 2292 perbis
1104 2237 1155 2276 sex
1184 2236 1295 2276 menses

73 2331 115 2390 fui
137 2333 235 2405 ibique
259 2350 325 2389 usus
348 2350 411 2390 sum
434 2331 588 2404 disciplina
611 2329 786 2387 llirchhoffii
809 2337 838 2387 et
861 2330 994 2389 Vahleni.

179 2444 337 2502 Praeterea
374 2441 494 2501 interfui
532 2441 787 2500 exercitationibus
825 2442 1007 2514 philologieis
1047 2459 1063 2500 a
1101 2439 1295 2523 llirctrtmffin,

72 2555 220 2613 historicis
244 2573 261 2613 a
283 2554 433 2613 Nitzschio
456 2553 605 2611 institutis.
659 2552 769 2624 Quibus
801 2553 870 2610 viris
899 2554 991 2610 doctis
1023 2553 1157 2610 omnibus
1185 2554 1295 2624 gratias

73 2683 159 2738 quam
182 2667 322 2724 maximas
345 2671 374 2724 et
396 2682 471 2723 nuno
494 2664 647 2722 exanimo
671 2681 726 2736 ago
750 2670 778 2721 et
800 2681 914 2736 semper
936 2663 1059 2721 habebo.

175 2777 276 2834 Mense
298 2776 460 2834 Februario
483 2793 507 2833 a.
531 2768 658 2832 LXXIX
681 2774 709 2832 h.
732 2792 753 2831 s
778 2775 910 2832 examine
933 2791 986 2847 pro
1010 2772 1148 2833 facultate
1171 2774 1293 2833 docendi

73 2887 202 2945 Berolini
225 2887 349 2946 feliciter
372 2892 509 2973 superato
531 2888 682 2946 Gubenum
710 2893 739 2943 et
768 2903 819 2944 sex
847 2886 992 2944 mensibus
1018 2892 1084 2959 post
1115 2886 1294 2943 Ratiboriam

73 2999 177 3057 missus
206 3016 268 3056 sum
295 3004 327 3056 ut
355 2999 384 3055 in
408 3001 564 3072 gymnasiis
587 3000 702 3057 illarum
726 2998 839 3055 urbium
863 2998 996 3071 publicae
1019 2997 1134 3054 scholae
1156 3014 1238 3052 usum
1261 3013 1296 3054 ac

72 3108 257 3180 disciplinam
281 3111 439 3183 experirer.

97 3215 100 3218 ’
181 3220 241 3290 Quo
265 3237 339 3279 anno
362 3227 498 3295 peracto,
522 3238 617 3278 mense
640 3221 736 3293 Aprili
760 3220 787 3278 h.
812 3237 838 3278 a.
863 3219 1012 3278 Soraviam
1042 3219 1198 3276 ‹levocatus
1222 3235 1293 3292 sum,

72 3330 124 3388 uhi
155 3330 184 3387 in
213 3348 331 3390 numero
354 3334 496 3406 gymnasii
520 3337 756 3404 praeceptorum,
789 3331 1014 3388 extraordinarii
1037 3347 1155 3387 munere
1180 3328 1293 3402 fungor.
