2858 4800
642 127 734 204 ,11

330 335 424 406 „Huic
447 335 471 390 si
496 335 619 392 mutonis
644 333 739 392 verbis
763 335 838 392 mala
859 341 941 393 tanta
965 336 1089 394 videntis

331 445 448 502 Diceret
470 445 542 502 hacc
564 446 705 502 animus.“

104 551 184 617 Cum
206 555 274 615 tota
302 552 437 633 donique
466 552 555 615 illins
583 553 707 616 satirae
726 553 885 615 sententia
912 555 1029 635 optime
1062 558 1244 633 congruunt
1268 558 1334 620 tria

104 665 180 726 haec
204 663 398 744 fragmenta:

102 775 179 838 Luc.
205 775 286 838 1049

278 880 347 954 „qui
369 886 398 939 et
419 887 542 953 poscent
563 883 657 940 minus
680 888 709 941 et
731 880 912 954 praebebunt.
935 882 1035 939 reetin'
1059 882 1147 941 multo

276 996 305 1048 et
327 992 389 1048 sine
412 989 544 1064 flagitio“

102 1101 244 1161 ceterum
265 1099 318 1161 hie
340 1098 561 1182 Baehrensio1)
586 1099 750 1176 assentior,
775 1100 829 1180 qui
853 1088 1053 1162 scribendum
1077 1101 1225 1181 proponit

459 1232 551 1288 „qnae
574 1220 603 1273 et
626 1221 745 1287 poscent
768 1216 860 1272 minus
885 1215 943 1254 -“

101 1321 147 1384 ita
169 1325 205 1385 ut
233 1322 452 1385 meretriculae
482 1324 715 1403 intellegendae
745 1323 810 1385 sint
842 1341 903 1384 non
932 1322 1083 1384 catamiti.

103 1432 176 1496 Luc.
211 1433 290 1496 1037
377 1438 381 1443 ’

297 1548 363 1622 „hic
387 1564 492 1620 corpus
515 1524 639 1606 solidum
663 1548 807 1619 invenies,
831 1547 877 1603 hic
901 1552 979 1605 stare
1002 1547 1126 1619 papillas

296 1665 414 1731 pectore
437 1659 619 1717 marmoreo“

101 1764 176 1828 Luc.
201 1766 284 1828 1032

955 1835 1065 1893 ·„nunc
1088 1825 1119 1877 tn

253 1936 357 1990 contra
380 1932 468 2005 venis,
492 1932 536 1989 vel
560 1932 660 2004 quiin
684 1932 780 2003 nuptis
804 1931 877 1989 bello
901 1948 963 1989 csse
986 1948 1074 2003 neges
1096 1937 1137 2000 te3

252 2060 305 2101 nec
329 2044 389 2100 sine
413 2043 560 2114 pernicie“

100 2149 183 2229 quod
206 2149 432 2230 fragmentum,
456 2150 598 2230 quamvis
622 2152 806 2230 corruptum
830 2150 881 2225 sii,
909 2152 1015 2212 tamen
1038 2168 1107 2212 earn
1131 2149 1326 2212 sententiam

59 2242 62 2247 ’
99 2259 202 2322 inesse
235 2261 336 2324 verbis
366 2261 523 2342 corruptis
558 2263 702 2342 apparet,
737 2263 774 2323 ut
796 2262 855 2323 hoc
886 2261 952 2322 loco
982 2259 1147 2341 praeteriri
1177 2263 1326 2339 nequeat..

100 2369 190 2448 Quod
206 2371 298 2434 facilc
311 2372 462 2434 concedes
475 2372 602 2434 etiamsi
613 2372 771 2452 improbes
783 2371 970 2433 Baehrensii
985 2371 1018 2451 (i.
1032 2371 1072 2452 c.)
1093 2371 1326 2442 coniecturam

651 2475 658 2482 ⁸
973 2502 1067 2557 „nuno
1089 2491 1119 2542 tu

304 2596 415 2669 probra
438 2596 531 2654 velis?
556 2613 609 2668 an
631 2597 661 2652 in
684 2596 922 2671 nuptisinsulse
946 2612 1029 2653 neces
1052 2612 1112 2652 rom

304 2724 357 2765 nec
379 2708 440 2765 sine
463 2706 636 2779 permitie'ffl
700 2725 702 2729 ’

99 2833 178 2895 quae
210 2815 249 2876 ad
278 2815 469 2877 sententiam
504 2815 631 2895 quidem
659 2815 892 2876 accommodata
925 2815 1031 2876 tamen
1066 2813 1213 2876 audacior
1240 2813 1326 2876 iusto

100 3036 214 3099 tidiani
236 3037 378 3116 exempla
401 3055 437 3098 ex
460 3035 582 3098 Lucilio
606 3037 750 3097 nostrum
777 3035 921 3098 hausisse
944 3034 995 3097 vin
1023 3034 1170 3114 negabis,
1200 3035 1327 3097 etiamsi

100 3149 256 3210 nonnulla
278 3166 403 3221 eorum,
432 3165 512 3227 quae
543 3165 628 3209 nuno
657 3163 857 3226 componam,
888 3146 989 3226 magis
1006 3164 1056 3230 ‘er
1083 3145 1240 3226 proverbii
1264 3164 1328 3208 usu

99 3258 253 3338 prodiisse
276 3276 371 3338 quam
393 3257 604 3320 imitationem
628 3256 808 3336 significare
836 3256 1011 3320 rideantur.
1057 3256 1101 3318 Ut
1123 3255 1276 3319 Horatius
1301 3274 1326 3319 s

99 3368 130 3431 H
152 3370 170 3431 8
194 3386 305 3431 cenam
327 3368 428 3448 inepti
451 3368 617 3431 cuiusdam
639 3367 777 3430 hominis
801 3367 921 3443 irridet,
945 3368 1006 3447 qui¹
1023 3365 1166 3447 quanvis
1189 3384 1327 3446 spurcus

99 3482 206 3542 tamen
229 3478 348 3541 divitiis
373 3479 439 3541 suis
463 3497 495 3541 se
519 3479 673 3553 iactabat,
705 3477 751 3539 sic
779 3477 883 3539 simile
911 3479 1136 3558 argumentum
1159 3494 1177 3538 a
1199 3475 1327 3538 Lucilio

99 3609 222 3671 qnoque
246 3591 418 3653 tractatum
443 3608 511 3652 esse
535 3590 613 3652 haec
636 3588 817 3669 fragmenta
839 3587 962 3651 docent.

99 3701 174 3764 Luc.
200 3701 366 3763 lea-165

303 3813 512 3889 „flebilecepe
535 3814 633 3886 simul,
656 3813 884 3886 lacrimosaequc
907 3814 1008 3872 ordino
1030 3814 1129 3887 taliae,

301 3925 404 3984 intibu’
427 3931 580 3998 praeterea
602 3922 725 3997 pedibus
748 3926 909 3996 perserpsit
931 3926 1052 3998 equinis.

1386 3246 1392 3271 Ι

819 4036 964 4107 adipata-m

198 4179 203 4184 ,
302 4122 429 4195 pultcm“

204 4342 221 4405 ¹)
241 4341 453 4389 Emendatioonm
477 4341 662 4394 Lucilionnrum
683 4342 793 4389 dodorus
814 4337 913 4405 11111111,
933 4337 1000 4402 mot.
1024 4337 1105 4404 1871).
